2575 3892
428 150 491 200 PER
508 150 617 202 ANNOS
634 151 784 203 DIGESTA.

264 455 319 505 iisi.
344 454 413 504 Sext.
450 457 487 505 ibi
507 464 625 518 quattuor
641 454 777 519 triumphis
799 456 862 504 actis
885 470 939 504 rem
961 456 1041 519 publ,

205 569 208 579 ,
264 539 390 573 summam
407 532 557 589 potestatem
569 534 668 584 nactus,
687 524 825 577 constituit.
847 524 964 573 Extremo
977 538 1043 572 anno

265 594 298 643 ad
314 593 410 644 bellum
427 593 593 658 Hispaniense
610 593 732 641 adversus
744 591 857 657 Pompeii
875 591 967 641 liberos
984 606 1043 655 pro-

266 663 347 711 iectus
372 670 411 711 est
436 669 461 710 et
483 669 542 727 post
558 660 654 710 XXVII
677 662 732 710 dies
756 661 783 708 ia
803 661 950 724 Hispaniam
966 660 1041 709 venit.

267 732 362 781 Eodem
380 745 446 780 anuo
459 729 552 779 Caesar
567 730 649 779 iastcs
664 729 773 779 correxit
790 737 815 778 ct
831 736 860 777 ut
876 730 1043 792 inposterum

267 815 299 849 ex
316 799 372 848 Kal.
388 801 444 850 ian.
462 806 604 862 temporum
621 800 685 848 ratio
701 797 785 861 magis
803 804 961 863 congrueret,
981 798 1046 844 inter

267 867 400 920 Novembr.
419 876 444 916 et
460 867 594 916 Decembr.
611 882 712 916 menses
734 867 799 916 duos
822 865 886 915 aiios
911 864 1044 923 interiecit,

268 938 303 986 ita
325 943 354 985 ut
372 936 415 989 hic
437 950 519 985 annus
541 945 642 985 servato
664 944 747 985 vetere
768 948 854 985 mense
876 933 1044 991 intercalario,

268 1004 324 1056 XV.
341 1006 466 1055 mensium
485 1013 561 1055 esset.

305 1071 398 1123 Cicero>
409 1073 435 1123 b.
453 1074 483 1126 a.'
498 1074 648 1137 partitiones
667 1074 811 1132 oratorios,
835 1071 927 1124 deinde
949 1072 1046 1120 leudem
1059 1072 1066 1084 ’“

270 1143 371 1192 Oetaeis
399 1143 515 1206 scripsit,
544 1143 586 1191 cui
610 1141 704 1190 Caesar
723 1141 894 1196 Anticatonem
917 1141 1044 1205 opposuit.
1067 1184 1068 1187 ,
1189 1166 1285 1205 Ἣ

269 1211 366 1261 Deinde
389 1212 492 1276 scripsit
513 1209 646 1260 Oratorem
668 1211 702 1260 ad
721 1209 756 1260 Μ.
780 1210 898 1271 Brutum,
923 1210 967 1272 qui
992 1216 1045 1257 turn
1129 1216 1131 1219 “
1188 1204 1214 1271 ,ξ’
1239 1204 1280 1274 ζ.

269 1279 366 1331 Gallius
394 1279 537 1345 Cisalpinae
562 1285 687 1344 praeerat.
733 1278 800 1331 Prid.
825 1277 880 1329 Kal.
904 1278 1044 1327 intercalar.
1202 1271 1230 1291 '⁴‘
1262 1270 1276 1287 '²

267 1352 365 1415 priores
387 1349 456 1414 apud
473 1347 605 1398 Caesarem
623 1347 712 1397 habuit
729 1349 868 1399 oraticnem
888 1361 934 1412 pro
953 1346 983 1407 Q.
1002 1346 1047 1394 Li-

205 1414 206 1419 ’
266 1420 350 1484 potio,
368 1432 443 1481 quem
462 1416 491 1476 Q.
509 1418 598 1467 Aelius
613 1416 712 1466 Tubero
728 1424 900 1466 accusaverat.
928 1416 1046 1464 Extremo

269 1503 335 1539 anuo
354 1501 412 1538 curn
429 1487 549 1536 Terentia
566 1500 648 1534 uxore
666 1485 801 1543 divortium
820 1485 888 1534 fecit.
1002 1510 1006 1527 ι
1133 1520 1136 1521 ⁷
1272 1484 1288 1544 j

199 1539 236 1592 45
271 1557 342 1609 doss.
379 1556 406 1606 0.
425 1554 506 1607 Iulius
530 1554 629 1607 Caesar
644 1553 697 1607 IV.
720 1550 844 1617 Dictator,
869 1553 910 1603 M.
926 1553 1046 1603 Aemilius
1084 1540 1119 1597 (Ὠ

374 1624 488 1686 Lepidus
504 1625 572 1691 Mag.
590 1626 721 1689 Equitum.
1196 1622 1220 1661 3³
1286 1619 1288 1646 ³

307 1694 404 1743 Goescr
419 1694 489 1742 amul
504 1696 550 1746 IV.
571 1693 659 1745 consul
676 1697 730 1745 sinc
747 1695 843 1759 cottepa
860 1694 919 1756 sicit.
1246 1734 1256 1747 ,
1274 1732 1288 1756 e

310 1758 414 1819 Caesar,
433 1762 503 1809 victis
521 1763 546 1813 in
564 1762 688 1828 Hispania
704 1762 819 1827 Pompeii
836 1761 908 1821 tiliis,
931 1760 1008 1809 Sexto
1025 1766 1049 1808 et
1134 1784 1135 1787 ι

273 1827 372 1888 Gnaeo,
391 1842 480 1878 menso
497 1829 596 1882 Octobri
614 1832 721 1882 Romam
737 1845 853 1882 reversus
872 1827 1003 1881 consulatu
1021 1842 1050 1876 se
1136 1876 1138 1879 ,
1175 1886 1178 1889 Ἴ
1197 1818 1283 1890 ¹3

272 1898 373 1948 abdicat
390 1905 415 1947 ct
426 1898 455 1958 Q.
470 1897 575 1950 Fabium
592 1901 734 1951 Maximum
751 1910 775 1950 et
790 1898 818 1950 G.
832 1900 985 1950 Trebonium
1001 1897 1049 1946 sibi
1217 1890 1229 1919 “¹
1253 1902 1260 1915 '

271 1966 376 2017 sufficit.
417 1967 509 2018 Ultimo
533 1977 618 2018 autern
641 1969 787 2020 Decembris
810 1969 851 2019 die
874 1983 931 2018 cum
956 1967 1049 2016 Fabius

271 2036 432 2096 decessisset,
451 2037 592 2087 Trebonius
610 2050 671 2088 tero
688 2040 798 2098 abesset,
818 2037 846 2087 G.
863 2037 982 2087 Caninius
1000 2035 1050 2086 Re-

271 2104 338 2155 bilus
356 2105 445 2155 consui
468 2108 633 2171 renuntiatur,
671 2108 728 2169 qui,
752 2116 782 2156 ut
801 2106 887 2156 Cicero
911 2107 1049 2163 iocabatur,

271 2174 336 2224 adeo
352 2173 464 2238 vigilans
483 2174 573 2224 consul
590 2174 654 2235 tuit,
672 2179 700 2223 ut
714 2180 768 2223 toto
780 2174 916 2241 consulatu
934 2188 1050 2223 somnum

251 2257 321 2292 ‘non
338 2244 441 2294 viderit.

265 2350 266 2353 ,
307 2308 393 2361 dicero
411 2313 482 2362 initio
500 2311 528 2362 ir.
541 2328 564 2363 a.
585 2311 625 2362 rei
643 2313 900 2376 superiorecxeunte
915 2314 994 2359 missa
1004 2310 1051 2358 Te-

272 2381 352 2430 centia
374 2380 512 2431 Publiliam
535 2395 640 2433 uxorem
660 2381 747 2441 duxit,
771 2381 844 2430 cuius
860 2380 927 2428 bona
943 2379 1018 2428 heres
1035 2393 1051 2426 s

182 2474 186 2476 ἡ
272 2455 343 2513 patre
363 2449 616 2500 fideicommissarius
638 2449 742 2500 relictus
765 2449 929 2499 custodiebat.
967 2445 1050 2496 Tullia

273 2517 328 2566 eius
346 2516 408 2578 filia,
427 2527 486 2583 post
503 2519 640 2569 divortium
659 2535 716 2569 eum
732 2518 862 2568 Dolabella
879 2518 982 2576 iactum,
1001 2517 1051 2565 Ito-

272 2599 330 2634 mae
347 2585 453 2636 filiolum
470 2589 569 2652 peperit
587 2595 613 2637 et
627 2588 715 2653 paullo
733 2596 792 2652 post
808 2587 875 2638 diem
888 2588 950 2638 obiit
961 2601 1050 2650 supre-

275 2669 351 2701 mum.
381 2654 466 2705 Cicero
483 2656 646 2706 vehementer
663 2657 718 2706 eins
733 2664 814 2707 morte
831 2655 950 2715 afflictus,
967 2653 1051 2703 Publi-

274 2722 309 2769 lia
326 2722 446 2784 dimissa,
463 2723 571 2774 Asturae
589 2740 618 2774 se
635 2726 705 2775 abdit
724 2726 888 2788 doloremque
903 2739 976 2773 suum
993 2734 1052 2785 par-

276 2789 323 2834 tim
340 2789 394 2838 fani
410 2790 507 2840 Tutltse
525 2795 639 2859 erigendi
658 2795 772 2858 consilio,
792 2796 883 2858 partim
900 2792 972 2841 libris
990 2790 1052 2837 scri-

277 2854 368 2902 bendis
384 2856 463 2905 lenire
479 2860 588 2913 studet.¹
625 2861 734 2928 Scripsit
751 2864 829 2927 igitur
844 2861 871 2909 h.
891 2874 914 2908 a.
934 2859 1053 2908 Consola-

276 2924 364 2971 tionem
381 2937 401 2972 s.
418 2923 509 2974 librum
528 2927 559 2975 de
576 2928 645 2978 luctu
661 2931 806 2988 minuendo,
825 2927 902 2977 libros
919 2927 952 2976 de
962 2925 1053 2989 finibus

275 2990 392 3042 donmttm
409 2996 579 3057 etmalorum,
597 2994 803 3050 Academicorum
826 2996 914 3050 libras.
991 2994 1053 3044 Ani-

274 3076 344 3111 mum
369 3063 445 3112 etiam
468 3063 559 3114 sdiecit
582 3065 646 3116 libro
669 3069 703 3117 ad
726 3067 860 3119 Caesarem
878 3065 910 3116 de
935 3080 962 3114 re
979 3064 1050 3128 pubi.

275 3130 414 3182 ordinanda
431 3133 572 3184 scribendo.
609 3135 697 3184 Mense
711 3137 794 3200 Aprili
811 3135 890 3184 tilium
908 3149 982 3183 suum
999 3139 1053 3182 stu·

273 3199 372 3249 diorum
391 3216 467 3251 causa
485 3202 598 3252 Athenas
622 3202 713 3260 mittit;
738 3213 762 3253 et
779 3203 865 3269 paullo
883 3211 942 3267 post
959 3203 1053 3250 Astura

275 3267 383 3318 discedit
414 3270 578 3332 reliquosque
604 3283 704 3318 menses
731 3275 824 3334 partim
848 3273 875 3319 in
898 3268 1052 3327 Tusculano,

270 3362 477 3378 *t———an—

301 3415 322 3466 1)
337 3417 403 3461 Tusc.
420 3416 457 3460 tv,
473 3415 509 3460 29,
527 3416 559 3456 ad
570 3418 617 3458 att.
633 3414 684 3457 xtt.
701 3416 733 3458 ts.
747 3420 769 3457 ct
783 3417 817 3458 st.
