<?xml version="1.0" encoding="UTF-8"?>
<!DOCTYPE html PUBLIC "-//W3C//DTD XHTML 1.0 Transitional//EN"
    "http://www.w3.org/TR/xhtml1/DTD/xhtml1-transitional.dtd">
<html xmlns="http://www.w3.org/1999/xhtml" xml:lang="en" lang="en">
 <head>
  <title>
</title>
<meta http-equiv="Content-Type" content="text/html;charset=utf-8" />
  <meta name='ocr-system' content='tesseract 3.04.00' />
  <meta name='ocr-capabilities' content='ocr_page ocr_carea ocr_par ocr_line ocrx_word'/>
</head>
<body>
  <div class='ocr_page' id='page_1' title='image "./mtulliiciceroni00friegoog_0074.png"; bbox 0 0 2575 3892; ppageno 0'>
   <div class='ocr_carea' id='block_1_1' title="bbox 121 127 814 192">
    <p class='ocr_par' dir='ltr' id='par_1_1' title="bbox 121 127 814 192">
     <span class='ocr_line' id='line_1_1' title="bbox 121 127 814 192; baseline -0.012 0"><span class='ocrx_word' id='word_1_1' title='bbox 121 130 162 192; x_wconf 75' lang='lat'><strong>26</strong></span> <span class='ocrx_word' id='word_1_2' title='bbox 454 129 507 186; x_wconf 80' lang='lat' dir='ltr'><strong>AD</strong></span> <span class='ocrx_word' id='word_1_3' title='bbox 530 127 562 186; x_wconf 82' lang='lat' dir='ltr'><strong>C.</strong></span> <span class='ocrx_word' id='word_1_4' title='bbox 585 128 814 188; x_wconf 70' lang='lat' dir='ltr'><strong>Herennium</strong></span> 
     </span>
    </p>
   </div>
   <div class='ocr_carea' id='block_1_2' title="bbox 119 274 1166 932">
    <p class='ocr_par' dir='ltr' id='par_1_2' title="bbox 119 274 1166 850">
     <span class='ocr_line' id='line_1_2' title="bbox 121 274 1162 351; baseline -0.005 -10"><span class='ocrx_word' id='word_1_5' title='bbox 121 294 217 341; x_wconf 89' lang='lat' dir='ltr'><strong>causa</strong></span> <span class='ocrx_word' id='word_1_6' title='bbox 228 278 419 347; x_wconf 83' lang='lat' dir='ltr'><strong>conteretur,</strong></span> <span class='ocrx_word' id='word_1_7' title='bbox 440 284 617 350; x_wconf 87' lang='lat' dir='ltr'><strong>etquenam</strong></span> <span class='ocrx_word' id='word_1_8' title='bbox 629 277 721 336; x_wconf 91' lang='lat' dir='ltr'><strong>modo</strong></span> <span class='ocrx_word' id='word_1_9' title='bbox 735 274 927 337; x_wconf 82' lang='lat' dir='ltr'><strong>authoreste</strong></span> <span class='ocrx_word' id='word_1_10' title='bbox 938 283 990 336; x_wconf 90' lang='lat' dir='ltr'><strong>aut</strong></span> <span class='ocrx_word' id='word_1_11' title='bbox 1001 274 1068 337; x_wconf 90' lang='lat' dir='ltr'><strong>sine</strong></span> <span class='ocrx_word' id='word_1_12' title='bbox 1079 276 1162 351; x_wconf 88' lang='lat' dir='ltr'><strong>peri·</strong></span> 
     </span>
     <span class='ocr_line' id='line_1_3' title="bbox 122 358 1161 436; baseline -0.004 -11"><span class='ocrx_word' id='word_1_13' title='bbox 122 365 191 425; x_wconf 88' lang='lat' dir='ltr'><strong>culo</strong></span> <span class='ocrx_word' id='word_1_14' title='bbox 204 359 336 436; x_wconf 87' lang='lat' dir='ltr'><strong>potuerit</strong></span> <span class='ocrx_word' id='word_1_15' title='bbox 359 359 484 430; x_wconf 89' lang='lat' dir='ltr'><strong>obsisti;</strong></span> <span class='ocrx_word' id='word_1_16' title='bbox 508 362 534 420; x_wconf 91' lang='lat' dir='ltr'><strong>si</strong></span> <span class='ocrx_word' id='word_1_17' title='bbox 551 361 684 421; x_wconf 87' lang='lat' dir='ltr'><strong>maxima</strong></span> <span class='ocrx_word' id='word_1_18' title='bbox 697 365 739 428; x_wconf 85' lang='lat' dir='ltr'><strong>ita</strong></span> <span class='ocrx_word' id='word_1_19' title='bbox 754 358 808 431; x_wconf 87' lang='lat' dir='ltr'><strong>sit,</strong></span> <span class='ocrx_word' id='word_1_20' title='bbox 830 377 903 421; x_wconf 91' lang='lat' dir='ltr'><strong>num</strong></span> <span class='ocrx_word' id='word_1_21' title='bbox 917 376 956 419; x_wconf 86' lang='lat' dir='ltr'><strong>ea</strong></span> <span class='ocrx_word' id='word_1_22' title='bbox 982 376 1016 419; x_wconf 89' lang='lat' dir='ltr'><strong>re</strong></span> <span class='ocrx_word' id='word_1_23' title='bbox 1028 358 1161 421; x_wconf 82' lang='lat' dir='ltr'><strong>concedi</strong></span> 
     </span>
     <span class='ocr_line' id='line_1_4' title="bbox 119 440 1166 515; baseline -0.004 -9"><span class='ocrx_word' id='word_1_24' title='bbox 119 464 174 507; x_wconf 89' lang='lat' dir='ltr'><strong>reo</strong></span> <span class='ocrx_word' id='word_1_25' title='bbox 194 442 372 514; x_wconf 86' lang='lat' dir='ltr'><strong>conveniat,</strong></span> <span class='ocrx_word' id='word_1_26' title='bbox 398 441 483 515; x_wconf 89' lang='lat' dir='ltr'><strong>quod</strong></span> <span class='ocrx_word' id='word_1_27' title='bbox 499 442 600 502; x_wconf 81' lang='lat' dir='ltr'><strong>alieno</strong></span> <span class='ocrx_word' id='word_1_28' title='bbox 618 440 746 501; x_wconf 91' lang='lat' dir='ltr'><strong>inductu</strong></span> <span class='ocrx_word' id='word_1_29' title='bbox 765 442 878 502; x_wconf 82' lang='lat' dir='ltr'><strong>iecerit.</strong></span> <span class='ocrx_word' id='word_1_30' title='bbox 911 442 1029 503; x_wconf 90' lang='lat' dir='ltr'><strong>Deinde</strong></span> <span class='ocrx_word' id='word_1_31' title='bbox 1040 443 1072 502; x_wconf 92' lang='lat' dir='ltr'><strong>in</strong></span> <span class='ocrx_word' id='word_1_32' title='bbox 1085 461 1166 505; x_wconf 89' lang='lat' dir='ltr'><strong>con··</strong></span> 
     </span>
     <span class='ocr_line' id='line_1_5' title="bbox 120 523 1160 597; baseline -0.006 -7"><span class='ocrx_word' id='word_1_33' title='bbox 120 528 297 591; x_wconf 88' lang='lat' dir='ltr'><strong>iecturalem</strong></span> <span class='ocrx_word' id='word_1_34' title='bbox 313 525 449 586; x_wconf 73' lang='lat' dir='ltr'>trahetur</span> <span class='ocrx_word' id='word_1_35' title='bbox 465 523 709 592; x_wconf 83' lang='lat' dir='ltr'><strong>controversiam</strong></span> <span class='ocrx_word' id='word_1_36' title='bbox 726 532 756 583; x_wconf 89' lang='lat' dir='ltr'><strong>et</strong></span> <span class='ocrx_word' id='word_1_37' title='bbox 772 523 978 597; x_wconf 89' lang='lat' dir='ltr'><strong>edisseretur,</strong></span> <span class='ocrx_word' id='word_1_38' title='bbox 1001 543 1073 588; x_wconf 91' lang='lat' dir='ltr'><strong>num</strong></span> <span class='ocrx_word' id='word_1_39' title='bbox 1085 544 1160 587; x_wconf 88' lang='lat' dir='ltr'><strong>con·</strong></span> 
     </span>
     <span class='ocr_line' id='line_1_6' title="bbox 121 604 1164 682; baseline 0 -9"><span class='ocrx_word' id='word_1_40' title='bbox 121 613 200 673; x_wconf 91' lang='lat' dir='ltr'><strong>sulto</strong></span> <span class='ocrx_word' id='word_1_41' title='bbox 219 610 333 670; x_wconf 85' lang='lat' dir='ltr'><strong>iactum</strong></span> <span class='ocrx_word' id='word_1_42' title='bbox 349 606 398 668; x_wconf 90' lang='lat' dir='ltr'><strong>sit.</strong></span> <span class='ocrx_word' id='word_1_43' title='bbox 442 604 475 667; x_wconf 87' lang='lat' dir='ltr'><strong>Si</strong></span> <span class='ocrx_word' id='word_1_44' title='bbox 493 624 588 668; x_wconf 86' lang='lat' dir='ltr'><strong>causa</strong></span> <span class='ocrx_word' id='word_1_45' title='bbox 604 605 636 666; x_wconf 94' lang='lat' dir='ltr'><strong>in</strong></span> <span class='ocrx_word' id='word_1_46' title='bbox 653 624 720 667; x_wconf 89' lang='lat' dir='ltr'><strong>rem</strong></span> <span class='ocrx_word' id='word_1_47' title='bbox 737 607 901 682; x_wconf 86' lang='lat' dir='ltr'><strong>quamdam</strong></span> <span class='ocrx_word' id='word_1_48' title='bbox 919 608 1107 680; x_wconf 83' lang='lat' dir='ltr'><strong>conferetur,</strong></span> <span class='ocrx_word' id='word_1_49' title='bbox 1129 619 1164 673; x_wconf 82' lang='lat' dir='ltr'><strong>et</strong></span> 
     </span>
     <span class='ocr_line' id='line_1_7' title="bbox 119 690 1161 768; baseline -0.003 -13"><span class='ocrx_word' id='word_1_50' title='bbox 119 695 198 755; x_wconf 86' lang='lat' dir='ltr'><strong>haec</strong></span> <span class='ocrx_word' id='word_1_51' title='bbox 214 692 324 753; x_wconf 90' lang='lat' dir='ltr'><strong>eadem</strong></span> <span class='ocrx_word' id='word_1_52' title='bbox 341 691 406 752; x_wconf 84' lang='lat' dir='ltr'><strong>iere</strong></span> <span class='ocrx_word' id='word_1_53' title='bbox 423 696 454 750; x_wconf 91' lang='lat' dir='ltr'><strong>et</strong></span> <span class='ocrx_word' id='word_1_54' title='bbox 471 690 588 765; x_wconf 89' lang='lat' dir='ltr'><strong>omnia,</strong></span> <span class='ocrx_word' id='word_1_55' title='bbox 612 706 692 766; x_wconf 89' lang='lat' dir='ltr'><strong>quae</strong></span> <span class='ocrx_word' id='word_1_56' title='bbox 706 691 745 751; x_wconf 88' lang='lat' dir='ltr'><strong>de</strong></span> <span class='ocrx_word' id='word_1_57' title='bbox 756 691 987 754; x_wconf 82' lang='lat' dir='ltr'><strong>necessitudine</strong></span> <span class='ocrx_word' id='word_1_58' title='bbox 998 693 1161 768; x_wconf 80' lang='lat' dir='ltr'><strong>praecepi-</strong></span> 
     </span>
     <span class='ocr_line' id='line_1_8' title="bbox 120 774 635 850; baseline -0.023 -12"><span class='ocrx_word' id='word_1_59' title='bbox 120 791 205 850; x_wconf 85' lang='lat' dir='ltr'>mus,</span> <span class='ocrx_word' id='word_1_60' title='bbox 227 774 454 844; x_wconf 86' lang='lat' dir='ltr'><strong>consideranda</strong></span> <span class='ocrx_word' id='word_1_61' title='bbox 464 782 563 838; x_wconf 88' lang='lat' dir='ltr'><strong>erunt.</strong></span> <span class='ocrx_word' id='word_1_62' title='bbox 634 823 635 826; x_wconf 74' lang='grc'>,</span> 
     </span>
    </p>

    <p class='ocr_par' dir='ltr' id='par_1_3' title="bbox 200 853 1160 932">
     <span class='ocr_line' id='line_1_9' title="bbox 200 853 1160 932; baseline -0.005 -11"><span class='ocrx_word' id='word_1_63' title='bbox 200 857 308 929; x_wconf 83' lang='lat' dir='ltr'><strong>xvlu.</strong></span> <span class='ocrx_word' id='word_1_64' title='bbox 336 853 387 918; x_wconf 79' lang='lat' dir='ltr'><strong>rt.</strong></span> <span class='ocrx_word' id='word_1_65' title='bbox 415 855 565 929; x_wconf 80' lang='lat' dir='ltr'><strong>Quoniam</strong></span> <span class='ocrx_word' id='word_1_66' title='bbox 583 855 658 918; x_wconf 90' lang='lat' dir='ltr'><strong>satis</strong></span> <span class='ocrx_word' id='word_1_67' title='bbox 676 856 852 918; x_wconf 71' lang='lat' dir='ltr'><strong>ostendisse</strong></span> <span class='ocrx_word' id='word_1_68' title='bbox 871 855 1024 929; x_wconf 89' lang='lat' dir='ltr'><strong>videmur,</strong></span> <span class='ocrx_word' id='word_1_69' title='bbox 1044 856 1160 932; x_wconf 85' lang='lat' dir='ltr'><strong>quibus</strong></span> 
     </span>
    </p>
   </div>
   <div class='ocr_carea' id='block_1_3' title="bbox 117 938 1160 1352">
    <p class='ocr_par' dir='ltr' id='par_1_4' title="bbox 117 938 1160 1352">
     <span class='ocr_line' id='line_1_10' title="bbox 120 938 1160 1018; baseline -0.007 -13"><span class='ocrx_word' id='word_1_70' title='bbox 120 938 434 1018; x_wconf 70' lang='lat' dir='ltr'><strong>argumentationibus</strong></span> <span class='ocrx_word' id='word_1_71' title='bbox 444 938 476 999; x_wconf 89' lang='lat' dir='ltr'><strong>in</strong></span> <span class='ocrx_word' id='word_1_72' title='bbox 488 958 550 1003; x_wconf 86' lang='lat' dir='ltr'><strong>uno</strong></span> <span class='ocrx_word' id='word_1_73' title='bbox 564 957 690 1017; x_wconf 90' lang='lat' dir='ltr'><strong>quoque</strong></span> <span class='ocrx_word' id='word_1_74' title='bbox 701 957 814 1015; x_wconf 78' lang='lat' dir='ltr'><strong>genere</strong></span> <span class='ocrx_word' id='word_1_75' title='bbox 826 957 940 1001; x_wconf 89' lang='lat' dir='ltr'><strong>causae</strong></span> <span class='ocrx_word' id='word_1_76' title='bbox 950 939 1102 1001; x_wconf 88' lang='lat' dir='ltr'><strong>iudicialis</strong></span> <span class='ocrx_word' id='word_1_77' title='bbox 1114 941 1160 1001; x_wconf 89' lang='lat' dir='ltr'><strong>uti</strong></span> 
     </span>
     <span class='ocr_line' id='line_1_11' title="bbox 119 1023 1159 1100; baseline -0.002 -15"><span class='ocrx_word' id='word_1_78' title='bbox 119 1024 313 1096; x_wconf 86' lang='lat' dir='ltr'><strong>conveniret,</strong></span> <span class='ocrx_word' id='word_1_79' title='bbox 331 1024 483 1098; x_wconf 78' lang='lat' dir='ltr'><strong>consequi</strong></span> <span class='ocrx_word' id='word_1_80' title='bbox 496 1024 631 1097; x_wconf 90' lang='lat' dir='ltr'><strong>videtur,</strong></span> <span class='ocrx_word' id='word_1_81' title='bbox 651 1032 684 1085; x_wconf 91' lang='lat' dir='ltr'><strong>ut</strong></span> <span class='ocrx_word' id='word_1_82' title='bbox 695 1025 881 1098; x_wconf 82' lang='lat' dir='ltr'><strong>doceamus,</strong></span> <span class='ocrx_word' id='word_1_83' title='bbox 900 1023 1159 1100; x_wconf 80' lang='lat' dir='ltr'><strong>quemadmodum</strong></span> 
     </span>
     <span class='ocr_line' id='line_1_12' title="bbox 118 1105 1156 1184; baseline -0.003 -15"><span class='ocrx_word' id='word_1_84' title='bbox 118 1110 205 1184; x_wconf 88' lang='lat' dir='ltr'><strong>ipsas</strong></span> <span class='ocrx_word' id='word_1_85' title='bbox 224 1105 504 1181; x_wconf 80' lang='lat' dir='ltr'><strong>argumentationes</strong></span> <span class='ocrx_word' id='word_1_86' title='bbox 525 1116 631 1170; x_wconf 88' lang='lat' dir='ltr'><strong>ornate</strong></span> <span class='ocrx_word' id='word_1_87' title='bbox 648 1115 679 1167; x_wconf 86' lang='lat' dir='ltr'><strong>et</strong></span> <span class='ocrx_word' id='word_1_88' title='bbox 695 1109 836 1168; x_wconf 88' lang='lat' dir='ltr'><strong>absolute</strong></span> <span class='ocrx_word' id='word_1_89' title='bbox 847 1115 978 1171; x_wconf 88' lang='lat' dir='ltr'><strong>tractare</strong></span> <span class='ocrx_word' id='word_1_90' title='bbox 989 1105 1156 1182; x_wconf 86' lang='lat' dir='ltr'><strong>possimus.</strong></span> 
     </span>
     <span class='ocr_line' id='line_1_13' title="bbox 117 1188 1158 1264; baseline -0.004 -12"><span class='ocrx_word' id='word_1_91' title='bbox 117 1193 194 1252; x_wconf 88' lang='lat' dir='ltr'><strong>Nam</strong></span> <span class='ocrx_word' id='word_1_92' title='bbox 212 1191 277 1249; x_wconf 84' lang='lat' dir='ltr'><strong>iere</strong></span> <span class='ocrx_word' id='word_1_93' title='bbox 297 1206 359 1250; x_wconf 90' lang='lat' dir='ltr'><strong>non</strong></span> <span class='ocrx_word' id='word_1_94' title='bbox 378 1188 504 1250; x_wconf 82' lang='lat' dir='ltr'><strong>difficile</strong></span> <span class='ocrx_word' id='word_1_95' title='bbox 522 1199 570 1251; x_wconf 90' lang='lat' dir='ltr'><strong>est</strong></span> <span class='ocrx_word' id='word_1_96' title='bbox 593 1190 749 1262; x_wconf 87' lang='lat' dir='ltr'><strong>invenire,</strong></span> <span class='ocrx_word' id='word_1_97' title='bbox 774 1190 848 1264; x_wconf 89' lang='lat' dir='ltr'><strong>quid</strong></span> <span class='ocrx_word' id='word_1_98' title='bbox 871 1190 911 1252; x_wconf 84' lang='lat' dir='ltr'><strong>sit</strong></span> <span class='ocrx_word' id='word_1_99' title='bbox 932 1206 1046 1251; x_wconf 88' lang='lat' dir='ltr'><strong>causae</strong></span> <span class='ocrx_word' id='word_1_100' title='bbox 1071 1190 1158 1249; x_wconf 90' lang='lat' dir='ltr'><strong>adiu·</strong></span> 
     </span>
     <span class='ocr_line' id='line_1_14' title="bbox 118 1270 1156 1352; baseline -0.001 -19"><span class='ocrx_word' id='word_1_101' title='bbox 118 1280 237 1341; x_wconf 87' lang='lat' dir='ltr'><strong>mento,</strong></span> <span class='ocrx_word' id='word_1_102' title='bbox 261 1270 474 1331; x_wconf 77' lang='lat' dir='ltr'><strong>difficillimum</strong></span> <span class='ocrx_word' id='word_1_103' title='bbox 489 1290 564 1334; x_wconf 89' lang='lat' dir='ltr'><strong>vero</strong></span> <span class='ocrx_word' id='word_1_104' title='bbox 583 1281 631 1333; x_wconf 89' lang='lat' dir='ltr'><strong>est</strong></span> <span class='ocrx_word' id='word_1_105' title='bbox 647 1272 803 1333; x_wconf 88' lang='lat' dir='ltr'><strong>inventum</strong></span> <span class='ocrx_word' id='word_1_106' title='bbox 813 1274 961 1352; x_wconf 87' lang='lat' dir='ltr'><strong>expedire</strong></span> <span class='ocrx_word' id='word_1_107' title='bbox 972 1282 1002 1335; x_wconf 92' lang='lat' dir='ltr'><strong>et</strong></span> <span class='ocrx_word' id='word_1_108' title='bbox 1013 1273 1156 1347; x_wconf 86' lang='lat' dir='ltr'><strong>expedite</strong></span> 
     </span>
    </p>
   </div>
   <div class='ocr_carea' id='block_1_4' title="bbox 113 1354 1244 3416">
    <p class='ocr_par' dir='ltr' id='par_1_5' title="bbox 114 1354 1244 3076">
     <span class='ocr_line' id='line_1_15' title="bbox 118 1354 1157 1433; baseline -0.002 -18"><span class='ocrx_word' id='word_1_109' title='bbox 118 1354 329 1433; x_wconf 82' lang='lat' dir='ltr'><strong>pronuntiare.</strong></span> <span class='ocrx_word' id='word_1_110' title='bbox 367 1354 452 1415; x_wconf 88' lang='lat' dir='ltr'><strong>Haec</strong></span> <span class='ocrx_word' id='word_1_111' title='bbox 472 1355 554 1416; x_wconf 90' lang='lat' dir='ltr'><strong>enim</strong></span> <span class='ocrx_word' id='word_1_112' title='bbox 568 1372 620 1417; x_wconf 86' lang='lat' dir='ltr'><strong>res</strong></span> <span class='ocrx_word' id='word_1_113' title='bbox 640 1355 729 1430; x_wconf 84' lang='lat' dir='ltr'><strong>iacit,</strong></span> <span class='ocrx_word' id='word_1_114' title='bbox 747 1365 781 1430; x_wconf 87' lang='lat' dir='ltr'><strong>ut</strong></span> <span class='ocrx_word' id='word_1_115' title='bbox 798 1374 900 1432; x_wconf 89' lang='lat' dir='ltr'><strong>neque</strong></span> <span class='ocrx_word' id='word_1_116' title='bbox 912 1357 1042 1430; x_wconf 77' lang='lat' dir='ltr'><strong>dicbus,</strong></span> <span class='ocrx_word' id='word_1_117' title='bbox 1065 1374 1157 1431; x_wconf 90' lang='lat' dir='ltr'><strong>quam</strong></span> 
     </span>
     <span class='ocr_line' id='line_1_16' title="bbox 118 1436 1156 1516; baseline -0.003 -16"><span class='ocrx_word' id='word_1_118' title='bbox 118 1439 193 1500; x_wconf 89' lang='lat' dir='ltr'><strong>satis</strong></span> <span class='ocrx_word' id='word_1_119' title='bbox 213 1439 269 1510; x_wconf 87' lang='lat' dir='ltr'><strong>sit,</strong></span> <span class='ocrx_word' id='word_1_120' title='bbox 291 1437 324 1497; x_wconf 93' lang='lat' dir='ltr'><strong>in</strong></span> <span class='ocrx_word' id='word_1_121' title='bbox 341 1436 460 1498; x_wconf 90' lang='lat' dir='ltr'><strong>eisdem</strong></span> <span class='ocrx_word' id='word_1_122' title='bbox 477 1439 556 1500; x_wconf 89' lang='lat' dir='ltr'><strong>locis</strong></span> <span class='ocrx_word' id='word_1_123' title='bbox 574 1446 821 1513; x_wconf 85' lang='lat' dir='ltr'><strong>commoremur,-</strong></span> <span class='ocrx_word' id='word_1_124' title='bbox 835 1457 937 1516; x_wconf 88' lang='lat' dir='ltr'><strong>neque</strong></span> <span class='ocrx_word' id='word_1_125' title='bbox 948 1442 1059 1503; x_wconf 87' lang='lat' dir='ltr'><strong>eodem</strong></span> <span class='ocrx_word' id='word_1_126' title='bbox 1070 1439 1156 1499; x_wconf 90' lang='lat' dir='ltr'><strong>iden-</strong></span> 
     </span>
     <span class='ocr_line' id='line_1_17' title="bbox 118 1523 1156 1600; baseline -0.003 -17"><span class='ocrx_word' id='word_1_127' title='bbox 118 1524 211 1583; x_wconf 87' lang='lat' dir='ltr'><strong>tidem</strong></span> <span class='ocrx_word' id='word_1_128' title='bbox 229 1523 439 1594; x_wconf 84' lang='lat' dir='ltr'><strong>revolvamur,</strong></span> <span class='ocrx_word' id='word_1_129' title='bbox 458 1539 561 1598; x_wconf 89' lang='lat' dir='ltr'><strong>neque</strong></span> <span class='ocrx_word' id='word_1_130' title='bbox 578 1523 753 1584; x_wconf 89' lang='lat' dir='ltr'><strong>inchoatam</strong></span> <span class='ocrx_word' id='word_1_131' title='bbox 762 1524 1054 1600; x_wconf 86' lang='lat' dir='ltr'><strong>argumentationem</strong></span> <span class='ocrx_word' id='word_1_132' title='bbox 1065 1524 1156 1583; x_wconf 91' lang='lat' dir='ltr'><strong>relin-</strong></span> 
     </span>
     <span class='ocr_line' id='line_1_18' title="bbox 118 1604 1157 1683; baseline -0.003 -17"><span class='ocrx_word' id='word_1_133' title='bbox 118 1622 265 1682; x_wconf 56' lang='lat' dir='ltr'><strong>quamus</strong></span> <span class='ocrx_word' id='word_1_134' title='bbox 288 1620 390 1679; x_wconf 90' lang='lat' dir='ltr'><strong>neque</strong></span> <span class='ocrx_word' id='word_1_135' title='bbox 407 1604 602 1678; x_wconf 85' lang='lat' dir='ltr'><strong>incommode</strong></span> <span class='ocrx_word' id='word_1_136' title='bbox 621 1608 662 1666; x_wconf 91' lang='lat' dir='ltr'><strong>ad</strong></span> <span class='ocrx_word' id='word_1_137' title='bbox 679 1607 770 1667; x_wconf 88' lang='lat' dir='ltr'><strong>aliam</strong></span> <span class='ocrx_word' id='word_1_138' title='bbox 787 1609 935 1683; x_wconf 83' lang='lat' dir='ltr'><strong>deinceps</strong></span> <span class='ocrx_word' id='word_1_139' title='bbox 953 1615 1157 1668; x_wconf 86' lang='lat' dir='ltr'><strong>transeamus.</strong></span> 
     </span>
     <span class='ocr_line' id='line_1_19' title="bbox 117 1688 1157 1766; baseline -0.002 -17"><span class='ocrx_word' id='word_1_140' title='bbox 117 1691 224 1765; x_wconf 91' lang='lat' dir='ltr'><strong>Itaque</strong></span> <span class='ocrx_word' id='word_1_141' title='bbox 235 1688 293 1749; x_wconf 89' lang='lat' dir='ltr'><strong>hac</strong></span> <span class='ocrx_word' id='word_1_142' title='bbox 304 1688 466 1752; x_wconf 89' lang='lat' dir='ltr'><strong>rationeet</strong></span> <span class='ocrx_word' id='word_1_143' title='bbox 476 1689 538 1765; x_wconf 91' lang='lat' dir='ltr'><strong>ipsi</strong></span> <span class='ocrx_word' id='word_1_144' title='bbox 547 1690 725 1752; x_wconf 79' lang='lat' dir='ltr'><strong>meminisse</strong></span> <span class='ocrx_word' id='word_1_145' title='bbox 736 1692 921 1766; x_wconf 81' lang='lat' dir='ltr'><strong>poterimus,</strong></span> <span class='ocrx_word' id='word_1_146' title='bbox 945 1690 1020 1766; x_wconf 88' lang='lat' dir='ltr'><strong>quid</strong></span> <span class='ocrx_word' id='word_1_147' title='bbox 1031 1707 1157 1764; x_wconf 88' lang='lat' dir='ltr'><strong>quoque</strong></span> 
     </span>
     <span class='ocr_line' id='line_1_20' title="bbox 117 1772 1157 1848; baseline 0.002 -17"><span class='ocrx_word' id='word_1_148' title='bbox 117 1775 187 1835; x_wconf 89' lang='lat' dir='ltr'><strong>leco</strong></span> <span class='ocrx_word' id='word_1_149' title='bbox 208 1772 393 1843; x_wconf 87' lang='lat' dir='ltr'><strong>dixerimus,</strong></span> <span class='ocrx_word' id='word_1_150' title='bbox 416 1780 446 1833; x_wconf 90' lang='lat' dir='ltr'><strong>et</strong></span> <span class='ocrx_word' id='word_1_151' title='bbox 457 1774 579 1834; x_wconf 86' lang='lat' dir='ltr'><strong>auditor</strong></span> <span class='ocrx_word' id='word_1_152' title='bbox 589 1774 788 1848; x_wconf 84' lang='lat' dir='ltr'><strong>quamtotius</strong></span> <span class='ocrx_word' id='word_1_153' title='bbox 801 1792 913 1835; x_wconf 89' lang='lat' dir='ltr'><strong>causae</strong></span> <span class='ocrx_word' id='word_1_154' title='bbox 925 1780 989 1833; x_wconf 86' lang='lat' dir='ltr'><strong>tum</strong></span> <span class='ocrx_word' id='word_1_155' title='bbox 1001 1774 1091 1834; x_wconf 89' lang='lat' dir='ltr'><strong>unius</strong></span> <span class='ocrx_word' id='word_1_156' title='bbox 1104 1782 1157 1833; x_wconf 88' lang='lat' dir='ltr'><strong>cu-</strong></span> 
     </span>
     <span class='ocr_line' id='line_1_21' title="bbox 116 1855 1158 1929; baseline 0 -15"><span class='ocrx_word' id='word_1_157' title='bbox 116 1855 229 1927; x_wconf 91' lang='lat' dir='ltr'><strong>iusque</strong></span> <span class='ocrx_word' id='word_1_158' title='bbox 257 1855 530 1927; x_wconf 85' lang='lat' dir='ltr'><strong>argumentationis</strong></span> <span class='ocrx_word' id='word_1_159' title='bbox 552 1855 796 1916; x_wconf 88' lang='lat' dir='ltr'><strong>distributionem</strong></span> <span class='ocrx_word' id='word_1_160' title='bbox 816 1856 978 1929; x_wconf 76' lang='lat' dir='ltr'><strong>percipere</strong></span> <span class='ocrx_word' id='word_1_161' title='bbox 1000 1864 1031 1915; x_wconf 87' lang='lat' dir='ltr'><strong>et</strong></span> <span class='ocrx_word' id='word_1_162' title='bbox 1052 1855 1158 1915; x_wconf 87' lang='lat' dir='ltr'><strong>memi-</strong></span> 
     </span>
     <span class='ocr_line' id='line_1_22' title="bbox 117 1934 1158 2009; baseline 0.005 -14"><span class='ocrx_word' id='word_1_163' title='bbox 117 1936 203 1995; x_wconf 90' lang='lat' dir='ltr'><strong>nisse</strong></span> <span class='ocrx_word' id='word_1_164' title='bbox 225 1936 346 2009; x_wconf 85' lang='lat' dir='ltr'><strong>poterit.</strong></span> <span class='ocrx_word' id='word_1_165' title='bbox 377 1934 428 1995; x_wconf 78' lang='lat'><strong>28.</strong></span> <span class='ocrx_word' id='word_1_166' title='bbox 452 1936 533 2008; x_wconf 88' lang='lat' dir='ltr'><strong>Ergo</strong></span> <span class='ocrx_word' id='word_1_167' title='bbox 557 1936 787 1996; x_wconf 89' lang='lat' dir='ltr'><strong>absolutissima</strong></span> <span class='ocrx_word' id='word_1_168' title='bbox 804 1944 838 2008; x_wconf 82' lang='lat' dir='ltr'><strong>et</strong></span> <span class='ocrx_word' id='word_1_169' title='bbox 860 1935 1085 2008; x_wconf 83' lang='lat' dir='ltr'><strong>perfectissime</strong></span> <span class='ocrx_word' id='word_1_170' title='bbox 1109 1948 1158 1999; x_wconf 89' lang='lat' dir='ltr'><strong>est</strong></span> 
     </span>
     <span class='ocr_line' id='line_1_23' title="bbox 116 2016 1157 2101; baseline 0.008 -25"><span class='ocrx_word' id='word_1_171' title='bbox 116 2017 337 2092; x_wconf 86' lang='lat' dir='ltr'><strong>argumentatio</strong></span> <span class='ocrx_word' id='word_1_172' title='bbox 351 2031 404 2088; x_wconf 83' lang='lat' dir='ltr'><strong>ea,</strong></span> <span class='ocrx_word' id='word_1_173' title='bbox 424 2033 504 2088; x_wconf 90' lang='lat' dir='ltr'><strong>quae</strong></span> <span class='ocrx_word' id='word_1_174' title='bbox 516 2017 547 2074; x_wconf 90' lang='lat' dir='ltr'><strong>in</strong></span> <span class='ocrx_word' id='word_1_175' title='bbox 560 2016 697 2101; x_wconf 83' lang='lat' dir='ltr'><strong>quinque</strong></span> <span class='ocrx_word' id='word_1_176' title='bbox 709 2025 813 2091; x_wconf 84' lang='lat' dir='ltr'><strong>partes</strong></span> <span class='ocrx_word' id='word_1_177' title='bbox 826 2025 873 2084; x_wconf 84' lang='lat' dir='ltr'><strong>est</strong></span> <span class='ocrx_word' id='word_1_178' title='bbox 885 2018 1060 2084; x_wconf 87' lang='lat' dir='ltr'><strong>distributa:</strong></span> <span class='ocrx_word' id='word_1_179' title='bbox 1083 2038 1157 2095; x_wconf 79' lang='lat' dir='ltr'><strong>pro·</strong></span> 
     </span>
     <span class='ocr_line' id='line_1_24' title="bbox 118 2098 1156 2177; baseline 0 -14"><span class='ocrx_word' id='word_1_180' title='bbox 118 2099 311 2176; x_wconf 88' lang='lat' dir='ltr'><strong>positionem,</strong></span> <span class='ocrx_word' id='word_1_181' title='bbox 322 2098 481 2173; x_wconf 87' lang='lat' dir='ltr'><strong>rationem,</strong></span> <span class='ocrx_word' id='word_1_182' title='bbox 495 2098 621 2161; x_wconf 84' lang='lat' dir='ltr'><strong>ratioms</strong></span> <span class='ocrx_word' id='word_1_183' title='bbox 629 2099 900 2177; x_wconf 86' lang='lat' dir='ltr'><strong>confirmationem,</strong></span> <span class='ocrx_word' id='word_1_184' title='bbox 913 2103 1156 2177; x_wconf 85' lang='lat' dir='ltr'><strong>exornationem,</strong></span> 
     </span>
     <span class='ocr_line' id='line_1_25' title="bbox 116 2180 1156 2256; baseline 0.003 -16"><span class='ocrx_word' id='word_1_185' title='bbox 116 2181 375 2255; x_wconf 88' lang='lat' dir='ltr'><strong>complexionem.</strong></span> <span class='ocrx_word' id='word_1_186' title='bbox 385 2181 566 2256; x_wconf 68' lang='lat' dir='ltr'><strong>⁴Propositio</strong></span> <span class='ocrx_word' id='word_1_187' title='bbox 575 2189 631 2254; x_wconf 84' lang='lat' dir='ltr'><strong>est,</strong></span> <span class='ocrx_word' id='word_1_188' title='bbox 647 2197 702 2256; x_wconf 89' lang='lat' dir='ltr'><strong>per</strong></span> <span class='ocrx_word' id='word_1_189' title='bbox 714 2197 808 2256; x_wconf 89' lang='lat' dir='ltr'><strong>quam</strong></span> <span class='ocrx_word' id='word_1_190' title='bbox 817 2180 1009 2241; x_wconf 89' lang='lat' dir='ltr'><strong>ostendimus</strong></span> <span class='ocrx_word' id='word_1_191' title='bbox 1023 2199 1156 2243; x_wconf 89' lang='lat' dir='ltr'><strong>summa-</strong></span> 
     </span>
     <span class='ocr_line' id='line_1_26' title="bbox 114 2255 1155 2342; baseline 0.001 -17"><span class='ocrx_word' id='word_1_192' title='bbox 114 2264 176 2337; x_wconf 89' lang='lat' dir='ltr'><strong>tim,</strong></span> <span class='ocrx_word' id='word_1_193' title='bbox 185 2265 304 2339; x_wconf 90' lang='lat' dir='ltr'><strong>quidsit</strong></span> <span class='ocrx_word' id='word_1_194' title='bbox 313 2255 542 2339; x_wconf 84' lang='lat' dir='ltr'><strong>quodprobare</strong></span> <span class='ocrx_word' id='word_1_195' title='bbox 552 2264 1155 2342; x_wconf 60' lang='lat' dir='ltr'><strong>volumusitatioestquaecausamde-</strong></span> 
     </span>
     <span class='ocr_line' id='line_1_27' title="bbox 114 2347 1151 2424; baseline 0.001 -15"><span class='ocrx_word' id='word_1_196' title='bbox 114 2356 280 2410; x_wconf 90' lang='lat' dir='ltr'><strong>monstrat:</strong></span> <span class='ocrx_word' id='word_1_197' title='bbox 294 2365 403 2408; x_wconf 88' lang='lat' dir='ltr'><strong>verum</strong></span> <span class='ocrx_word' id='word_1_198' title='bbox 413 2365 485 2408; x_wconf 88' lang='lat' dir='ltr'><strong>esse</strong></span> <span class='ocrx_word' id='word_1_199' title='bbox 497 2350 537 2419; x_wconf 91' lang='lat' dir='ltr'><strong>id,</strong></span> <span class='ocrx_word' id='word_1_200' title='bbox 546 2352 632 2424; x_wconf 86' lang='lat' dir='ltr'><strong>quod</strong></span> <span class='ocrx_word' id='word_1_201' title='bbox 643 2347 840 2417; x_wconf 88' lang='lat' dir='ltr'><strong>intendimus,</strong></span> <span class='ocrx_word' id='word_1_202' title='bbox 848 2347 936 2407; x_wconf 91' lang='lat' dir='ltr'><strong>brevi</strong></span> <span class='ocrx_word' id='word_1_203' title='bbox 948 2349 1151 2415; x_wconf 89' lang='lat' dir='ltr'><strong>subiectione.</strong></span> 
     </span>
     <span class='ocr_line' id='line_1_28' title="bbox 116 2417 1155 2504; baseline 0.014 -28"><span class='ocrx_word' id='word_1_204' title='bbox 116 2419 255 2478; x_wconf 85' lang='lat' dir='ltr'><strong>Rationis</strong></span> <span class='ocrx_word' id='word_1_205' title='bbox 268 2417 457 2502; x_wconf 80' lang='lat' dir='ltr'><strong>confirmatio</strong></span> <span class='ocrx_word' id='word_1_206' title='bbox 470 2430 582 2494; x_wconf 81' lang='lat' dir='ltr'><strong>cetea,</strong></span> <span class='ocrx_word' id='word_1_207' title='bbox 607 2441 687 2499; x_wconf 89' lang='lat' dir='ltr'><strong>quae</strong></span> <span class='ocrx_word' id='word_1_208' title='bbox 698 2426 837 2500; x_wconf 87' lang='lat' dir='ltr'><strong>pluribus</strong></span> <span class='ocrx_word' id='word_1_209' title='bbox 850 2431 1037 2504; x_wconf 87' lang='lat' dir='ltr'><strong>argumentis</strong></span> <span class='ocrx_word' id='word_1_210' title='bbox 1051 2448 1155 2493; x_wconf 89' lang='lat' dir='ltr'><strong>cerro·</strong></span> 
     </span>
     <span class='ocr_line' id='line_1_29' title="bbox 116 2493 1156 2598; baseline 0.015 -39"><span class='ocrx_word' id='word_1_211' title='bbox 116 2502 205 2560; x_wconf 88' lang='lat' dir='ltr'><strong>borat</strong></span> <span class='ocrx_word' id='word_1_212' title='bbox 214 2500 348 2559; x_wconf 87' lang='lat' dir='ltr'><strong>breviter</strong></span> <span class='ocrx_word' id='word_1_213' title='bbox 359 2493 534 2576; x_wconf 78' lang='lat' dir='ltr'><strong>expositam</strong></span> <span class='ocrx_word' id='word_1_214' title='bbox 545 2506 703 2567; x_wconf 88' lang='lat' dir='ltr'><strong>rationem.</strong></span> <span class='ocrx_word' id='word_1_215' title='bbox 716 2509 889 2586; x_wconf 37' lang='lat' dir='ltr'><strong>‚Exornatio</strong></span> <span class='ocrx_word' id='word_1_216' title='bbox 903 2520 959 2586; x_wconf 90' lang='lat' dir='ltr'><strong>est,</strong></span> <span class='ocrx_word' id='word_1_217' title='bbox 973 2531 1034 2598; x_wconf 82' lang='lat' dir='ltr'><strong>qua</strong></span> <span class='ocrx_word' id='word_1_218' title='bbox 1044 2514 1156 2576; x_wconf 88' lang='lat' dir='ltr'><strong>utimur</strong></span> 
     </span>
     <span class='ocr_line' id='line_1_30' title="bbox 115 2582 1154 2672; baseline 0.014 -30"><span class='ocrx_word' id='word_1_219' title='bbox 115 2583 161 2643; x_wconf 91' lang='lat' dir='ltr'><strong>rei</strong></span> <span class='ocrx_word' id='word_1_220' title='bbox 178 2582 389 2661; x_wconf 86' lang='lat' dir='ltr'><strong>honestandae</strong></span> <span class='ocrx_word' id='word_1_221' title='bbox 402 2593 432 2645; x_wconf 92' lang='lat' dir='ltr'><strong>et</strong></span> <span class='ocrx_word' id='word_1_222' title='bbox 445 2586 731 2664; x_wconf 86' lang='lat' dir='ltr'><strong>collocupletandae</strong></span> <span class='ocrx_word' id='word_1_223' title='bbox 743 2609 853 2667; x_wconf 86' lang='lat' dir='ltr'><strong>causa,</strong></span> <span class='ocrx_word' id='word_1_224' title='bbox 876 2591 1054 2658; x_wconf 87' lang='lat' dir='ltr'><strong>confirmata</strong></span> <span class='ocrx_word' id='word_1_225' title='bbox 1064 2614 1154 2672; x_wconf 90' lang='lat' dir='ltr'><strong>argu-</strong></span> 
     </span>
     <span class='ocr_line' id='line_1_31' title="bbox 115 2666 1153 2757; baseline 0.01 -27"><span class='ocrx_word' id='word_1_226' title='bbox 115 2666 310 2730; x_wconf 87' lang='lat' dir='ltr'><strong>mentatione.</strong></span> <span class='ocrx_word' id='word_1_227' title='bbox 333 2666 511 2754; x_wconf 67' lang='lat' dir='ltr'><strong>mepiexic</strong></span> <span class='ocrx_word' id='word_1_228' title='bbox 521 2680 581 2756; x_wconf 74' lang='lat' dir='ltr'><strong>est,</strong></span> <span class='ocrx_word' id='word_1_229' title='bbox 594 2690 673 2747; x_wconf 90' lang='lat' dir='ltr'><strong>quae</strong></span> <span class='ocrx_word' id='word_1_230' title='bbox 686 2677 842 2739; x_wconf 81' lang='lat' dir='ltr'><strong>concludit</strong></span> <span class='ocrx_word' id='word_1_231' title='bbox 850 2679 992 2757; x_wconf 88' lang='lat' dir='ltr'><strong>breviter,</strong></span> <span class='ocrx_word' id='word_1_232' title='bbox 1005 2679 1153 2754; x_wconf 83' lang='lat' dir='ltr'><strong>colligens</strong></span> 
     </span>
     <span class='ocr_line' id='line_1_32' title="bbox 114 2751 1155 2840; baseline 0.011 -29"><span class='ocrx_word' id='word_1_233' title='bbox 114 2760 219 2826; x_wconf 83' lang='lat' dir='ltr'><strong>partas</strong></span> <span class='ocrx_word' id='word_1_234' title='bbox 247 2751 529 2826; x_wconf 86' lang='lat' dir='ltr'><strong>argumentationis.</strong></span> <span class='ocrx_word' id='word_1_235' title='bbox 571 2755 665 2817; x_wconf 86' lang='lat' dir='ltr'><strong>Hisce</strong></span> <span class='ocrx_word' id='word_1_236' title='bbox 692 2758 783 2834; x_wconf 86' lang='lat' dir='ltr'><strong>igitur</strong></span> <span class='ocrx_word' id='word_1_237' title='bbox 803 2761 941 2839; x_wconf 89' lang='lat' dir='ltr'><strong>quinque</strong></span> <span class='ocrx_word' id='word_1_238' title='bbox 962 2764 1099 2840; x_wconf 90' lang='lat' dir='ltr'><strong>partibus</strong></span> <span class='ocrx_word' id='word_1_239' title='bbox 1121 2771 1155 2825; x_wconf 87' lang='lat' dir='ltr'><strong>ut</strong></span> 
     </span>
     <span class='ocr_line' id='line_1_33' title="bbox 114 2835 1153 2921; baseline 0.013 -27"><span class='ocrx_word' id='word_1_240' title='bbox 114 2835 344 2897; x_wconf 84' lang='lat' dir='ltr'><strong>absolutissime</strong></span> <span class='ocrx_word' id='word_1_241' title='bbox 371 2845 506 2910; x_wconf 87' lang='lat' dir='ltr'><strong>utamur,</strong></span> <span class='ocrx_word' id='word_1_242' title='bbox 538 2839 598 2901; x_wconf 91' lang='lat' dir='ltr'><strong>hoc</strong></span> <span class='ocrx_word' id='word_1_243' title='bbox 627 2842 719 2903; x_wconf 92' lang='lat' dir='ltr'><strong>modo</strong></span> <span class='ocrx_word' id='word_1_244' title='bbox 743 2844 941 2908; x_wconf 88' lang='lat' dir='ltr'><strong>tractabimus</strong></span> <span class='ocrx_word' id='word_1_245' title='bbox 961 2856 1153 2921; x_wconf 89' lang='lat' dir='ltr'><strong>argumenta-</strong></span> 
     </span>
     <span class='ocr_line' id='line_1_34' title="bbox 114 2918 1244 3010; baseline 0.011 -35"><span class='ocrx_word' id='word_1_246' title='bbox 114 2918 238 3010; x_wconf 84' lang='lat' dir='ltr'><strong>tionem.</strong></span> <span class='ocrx_word' id='word_1_247' title='bbox 268 2918 346 2980; x_wconf 85' lang='lat' dir='ltr'>XIX.</span> <span class='ocrx_word' id='word_1_248' title='bbox 370 2920 500 2982; x_wconf 88' lang='lat' dir='ltr'><strong>Causam</strong></span> <span class='ocrx_word' id='word_1_249' title='bbox 512 2924 712 2986; x_wconf 88' lang='lat' dir='ltr'><strong>ostendemus</strong></span> <span class='ocrx_word' id='word_1_250' title='bbox 723 2928 806 2989; x_wconf 86' lang='lat' dir='ltr'><strong>Ulixi</strong></span> <span class='ocrx_word' id='word_1_251' title='bbox 821 2928 934 3002; x_wconf 81' lang='lat' dir='ltr'><strong>tuisse,</strong></span> <span class='ocrx_word' id='word_1_252' title='bbox 954 2946 1047 3005; x_wconf 90' lang='lat' dir='ltr'><strong>quare</strong></span> <span class='ocrx_word' id='word_1_253' title='bbox 1059 2928 1153 2988; x_wconf 83' lang='lat' dir='ltr'><strong>inter·</strong></span> <span class='ocrx_word' id='word_1_254' title='bbox 1234 2989 1244 3000; x_wconf 64' lang='grc'><strong><em>,</em></strong></span> 
     </span>
     <span class='ocr_line' id='line_1_35' title="bbox 114 2999 1153 3076; baseline 0.017 -22"><span class='ocrx_word' id='word_1_255' title='bbox 114 2999 221 3057; x_wconf 82' lang='lat' dir='ltr'><strong>iecerit</strong></span> <span class='ocrx_word' id='word_1_256' title='bbox 237 3000 381 3072; x_wconf 58' lang='lat' dir='ltr'><strong>,diacom3</strong></span> <span class='ocrx_word' id='word_1_257' title='bbox 403 3002 557 3065; x_wconf 91' lang='lat' dir='ltr'><strong>inimicum</strong></span> <span class='ocrx_word' id='word_1_258' title='bbox 576 3007 658 3066; x_wconf 90' lang='lat' dir='ltr'><strong>enim</strong></span> <span class='ocrx_word' id='word_1_259' title='bbox 675 3010 857 3071; x_wconf 90' lang='lat' dir='ltr'><strong>acerrimum</strong></span> <span class='ocrx_word' id='word_1_260' title='bbox 874 3014 912 3072; x_wconf 91' lang='lat' dir='ltr'><strong>de</strong></span> <span class='ocrx_word' id='word_1_261' title='bbox 930 3011 1031 3076; x_wconf 89' lang='lat' dir='ltr'><strong>medio</strong></span> <span class='ocrx_word' id='word_1_262' title='bbox 1045 3014 1153 3073; x_wconf 88' lang='lat' dir='ltr'><strong>tollere</strong></span> 
     </span>
    </p>

    <p class='ocr_par' dir='ltr' id='par_1_6' title="bbox 113 3079 1199 3416">
     <span class='ocr_line' id='line_1_36' title="bbox 113 3079 1199 3171; baseline 0.018 -36"><span class='ocrx_word' id='word_1_263' title='bbox 113 3079 252 3171; x_wconf 80' lang='lat' dir='ltr'><strong>volebat,</strong></span> <span class='ocrx_word' id='word_1_264' title='bbox 271 3097 364 3157; x_wconf 91' lang='lat' dir='ltr'><strong>aquo</strong></span> <span class='ocrx_word' id='word_1_265' title='bbox 378 3084 436 3144; x_wconf 91' lang='lat' dir='ltr'><strong>sibi</strong></span> <span class='ocrx_word' id='word_1_266' title='bbox 449 3103 510 3147; x_wconf 89' lang='lat' dir='ltr'><strong>non</strong></span> <span class='ocrx_word' id='word_1_267' title='bbox 522 3087 632 3148; x_wconf 88' lang='lat' dir='ltr'><strong>iniuria</strong></span> <span class='ocrx_word' id='word_1_268' title='bbox 644 3108 795 3151; x_wconf 90' lang='lat' dir='ltr'><strong>summum</strong></span> <span class='ocrx_word' id='word_1_269' title='bbox 806 3092 976 3168; x_wconf 87' lang='lat' dir='ltr'><strong>periculum</strong></span> <span class='ocrx_word' id='word_1_270' title='bbox 987 3097 1151 3157; x_wconf 90' lang='lat' dir='ltr'><strong>metuebat.</strong></span> <span class='ocrx_word' id='word_1_271' title='bbox 1196 3085 1199 3090; x_wconf 74' lang='grc'><strong>’</strong></span> 
     </span>
     <span class='ocr_line' id='line_1_37' title="bbox 113 3160 1173 3254; baseline 0.019 -36"><span class='ocrx_word' id='word_1_272' title='bbox 113 3160 247 3252; x_wconf 62' lang='lat' dir='ltr'><strong>yidebat</strong></span> <span class='ocrx_word' id='word_1_273' title='bbox 264 3162 315 3224; x_wconf 90' lang='lat' dir='ltr'><strong>illo</strong></span> <span class='ocrx_word' id='word_1_274' title='bbox 334 3165 479 3252; x_wconf 89' lang='lat' dir='ltr'><strong>incolumi</strong></span> <span class='ocrx_word' id='word_1_275' title='bbox 497 3186 533 3228; x_wconf 89' lang='lat' dir='ltr'><strong>se</strong></span> <span class='ocrx_word' id='word_1_276' title='bbox 549 3170 733 3234; x_wconf 79' lang='lat' dir='ltr'><strong>incolumem</strong></span> <span class='ocrx_word' id='word_1_277' title='bbox 750 3191 813 3236; x_wconf 89' lang='lat' dir='ltr'><strong>non</strong></span> <span class='ocrx_word' id='word_1_278' title='bbox 835 3177 984 3249; x_wconf 70' lang='lat' dir='ltr'><strong>futurarm</strong></span> <span class='ocrx_word' id='word_1_279' title='bbox 1008 3180 1153 3254; x_wconf 88' lang='lat' dir='ltr'><strong>sperabat</strong></span> <span class='ocrx_word' id='word_1_280' title='bbox 1168 3221 1173 3230; x_wconf 77' lang='lat'><em>·</em></span> 
     </span>
     <span class='ocr_line' id='line_1_38' title="bbox 114 3243 1152 3337; baseline 0.021 -40"><span class='ocrx_word' id='word_1_281' title='bbox 114 3243 195 3300; x_wconf 83' lang='lat' dir='ltr'><strong>iilius</strong></span> <span class='ocrx_word' id='word_1_282' title='bbox 213 3251 309 3304; x_wconf 90' lang='lat' dir='ltr'><strong>morte</strong></span> <span class='ocrx_word' id='word_1_283' title='bbox 328 3263 363 3337; x_wconf 79' lang='lat' dir='ltr'><strong>se</strong></span> <span class='ocrx_word' id='word_1_284' title='bbox 375 3249 505 3337; x_wconf 82' lang='lat' dir='ltr'><strong>salutem</strong></span> <span class='ocrx_word' id='word_1_285' title='bbox 517 3252 576 3314; x_wconf 86' lang='lat' dir='ltr'><strong>sibi</strong></span> <span class='ocrx_word' id='word_1_286' title='bbox 587 3269 781 3329; x_wconf 88' lang='lat' dir='ltr'><strong>comparare;</strong></span> <span class='ocrx_word' id='word_1_287' title='bbox 806 3269 1025 3333; x_wconf 88' lang='lat' dir='ltr'><strong>consueverat,</strong></span> <span class='ocrx_word' id='word_1_288' title='bbox 1047 3261 1152 3320; x_wconf 88' lang='lat' dir='ltr'><strong>siiure</strong></span> 
     </span>
     <span class='ocr_line' id='line_1_39' title="bbox 115 3328 1153 3416; baseline 0.021 -38"><span class='ocrx_word' id='word_1_289' title='bbox 115 3331 334 3396; x_wconf 88' lang='lat' dir='ltr'><strong>nonpotucrat,</strong></span> <span class='ocrx_word' id='word_1_290' title='bbox 343 3328 565 3403; x_wconf 79' lang='lat' dir='ltr'><strong>iniuriaquuvis</strong></span> <span class='ocrx_word' id='word_1_291' title='bbox 579 3333 702 3398; x_wconf 88' lang='lat' dir='ltr'><strong>inimico</strong></span> <span class='ocrx_word' id='word_1_292' title='bbox 714 3337 841 3399; x_wconf 86' lang='lat' dir='ltr'><strong>exitium</strong></span> <span class='ocrx_word' id='word_1_293' title='bbox 852 3343 1028 3416; x_wconf 86' lang='lat' dir='ltr'><strong>machinari,</strong></span> <span class='ocrx_word' id='word_1_294' title='bbox 1047 3341 1097 3403; x_wconf 88' lang='lat' dir='ltr'><strong>eui</strong></span> <span class='ocrx_word' id='word_1_295' title='bbox 1106 3341 1153 3401; x_wconf 88' lang='lat' dir='ltr'><strong>rei</strong></span> 
     </span>
    </p>
   </div>
   <div class='ocr_carea' id='block_1_5' title="bbox 0 0 1292 3892">
    <p class='ocr_par' dir='ltr' id='par_1_7' title="bbox 0 0 1292 3892">
     <span class='ocr_line' id='line_1_40' title="bbox 0 0 1292 3892; baseline 0 3"><span class='ocrx_word' id='word_1_296' title='bbox 0 0 1292 3892; x_wconf 95' lang='lat' dir='ltr'><strong> </strong></span> 
     </span>
    </p>
   </div>
  </div>
 </body>
</html>
