2575 3892
120 244 159 297 31
359 235 513 294 LIBERI.
537 235 619 292 CAP.
633 241 765 301 tte-aa,
778 241 803 300 S·
819 242 939 296 57-60.
1104 238 1164 298 133
1261 252 1262 259 ’

80 372 90 379 ”
123 396 157 445 et
171 383 357 460 apparatior,
380 399 473 457 qnam
488 399 533 454 ea,
556 399 636 455 quae
650 392 765 443 temere
781 393 812 443 et
824 388 907 445 nullo
923 387 1052 448 consilio
1068 386 1163 448 admi-

121 469 280 529 nistratur.
298 466 461 526 Exercitus
475 465 513 538 ie,
528 467 578 524 cui
590 465 787 541 praepositus
798 475 846 551 est
856 469 981 543 sapiens
994 479 1024 531 et
1035 472 1165 532 callidus

120 553 307 628 imperator,
334 549 477 610 omnibus
500 548 638 625 partibus
660 548 851 609 commodius
864 551 994 624 regitur,
1021 571 1113 628 quam
1126 555 1165 630 ia,

123 636 180 711 qui
197 633 323 694 stultitia
337 643 368 694 et
381 632 551 693 temeritate
565 631 696 692 alicuius
711 632 949 693 administratur.
982 635 1097 696 Eadem
1111 656 1164 715 na·
1261 686 1262 691 ,

121 717 200 792 vigil
220 717 298 776 ratio
313 725 370 777 est.
405 717 481 775 Nam
495 716 584 776 navis
600 715 714 791 optime
730 732 854 776 cursum
869 717 993 777 conficit
1007 734 1059 791 ea,
1085 738 1165 793 quae
1261 772 1262 775 ,

123 800 334 862 scientissimo
349 801 553 874 gubernatore
567 796 669 860 utitur.
691 797 742 860 59.
758 799 858 873 Quum
870 799 1045 876 propositio
1054 801 1166 862 esthoc
1261 828 1262 831 ¹

122 894 218 959 pacto
239 885 412 959 approbata
432 894 463 943 et
482 884 563 943 duae
584 891 690 958 partes
713 882 900 946 transierunt
913 883 1165 957 ratiocinationis,
1261 882 1262 885 ’

121 967 214 1028 tertia
227 966 258 1025 in
273 976 361 1041 parte
375 967 469 1040 aiunt,
490 967 576 1042 quod
590 966 756 1027 ostendere
772 966 859 1039 velis,
873 966 906 1026 id
921 983 961 1026 cx
975 967 1008 1025 vi
1022 967 1167 1042 proposi-

87 1123 92 1127 ,
121 1049 218 1111 tionis
241 1059 384 1124 oportere
405 1050 584 1122 adsumere,
611 1050 672 1110 hoc
686 1058 794 1124 pacto:
819 1049 900 1110 Nihil
915 1058 1017 1110 autem
1032 1050 1167 1110 omnium
1261 1052 1262 1115 J

121 1149 227 1192 rerum
247 1133 372 1205 melius,
400 1150 492 1208 quam
507 1134 607 1196 omnis
621 1134 770 1205 mundus,
797 1132 1034 1194 administratur.
1066 1133 1166 1193 Huius
1251 1134 1262 1211 j

102 1248 105 1251 ,
122 1216 352 1290 adsumptionis
375 1226 483 1293 quarto
504 1216 535 1276 in
549 1219 620 1277 loco
635 1215 728 1288 aliam,
739 1232 833 1291 porro
848 1216 999 1278 inducunt
1012 1217 1166 1293 approba-

119 1299 246 1370 tionem,
259 1298 319 1360 hoc
331 1300 439 1369 modo:
453 1301 530 1360 Nam
540 1309 571 1360 et
582 1299 741 1375 signorum
753 1309 839 1363 ortus
851 1310 882 1361 et
894 1300 996 1362 obitus
1008 1299 1167 1360 definitum

121 1383 279 1457 quendam
308 1384 448 1444 ordinem
471 1392 598 1444 servant
621 1392 652 1444 et
677 1401 798 1461 annuae
824 1385 1078 1447 commutationes
1103 1400 1166 1442 non

120 1467 216 1525 modo
239 1468 372 1539 quadam
393 1483 435 1526 ex
455 1467 687 1528 necessitudine
707 1484 831 1543 semper
845 1469 956 1528 eodem
970 1469 1064 1528 modo
1080 1467 1164 1538 fiunt,

122 1563 231 1606 verum
253 1549 293 1607 ad
313 1549 458 1609 utilitates
481 1546 608 1624 quoque
627 1566 730 1611 rerum
751 1549 887 1610 omnium
907 1559 979 1612 sunt
992 1565 1166 1609 accommo-

123 1630 426 1704 datae‚necdiurnae
441 1640 673 1706 nocturnaeque
685 1631 915 1693 vicissitudines
928 1632 1012 1694 nulla
1021 1631 1053 1690 in
1062 1649 1098 1691 re
1109 1648 1165 1690 un·
1261 1639 1262 1647 ’

124 1730 218 1790 quam
233 1722 367 1774 mutatae
383 1715 551 1790 quidquam
566 1722 754 1785 nocuerunt;
777 1731 857 1790 qnae
872 1712 961 1789 signo
977 1725 1049 1775 sunt
1065 1714 1167 1775 omnia

123 1815 187 1858 non
210 1797 360 1858 mediocri
382 1798 516 1872 quodam
532 1796 663 1857 consilio
678 1806 817 1858 naturam
832 1798 938 1857 mundi
952 1797 1166 1859 administrari.
1261 1856 1262 1859 ,

125 1881 235 1955 Quinto
250 1881 401 1941 inducunt
414 1883 484 1941 loco
500 1874 745 1956 complexionem
759 1897 842 1954 eam,
869 1896 955 1956 quae
964 1888 1017 1942 aut
1029 1881 1062 1941 id
1075 1881 1166 1941 infert

119 1969 234 2038 solum,
248 1964 334 2039 quod
345 1980 385 2025 ex
395 1964 537 2027 omnibus
547 1964 686 2039 partibus
699 1964 827 2038 cogitur,
838 1964 1014 2026 hocmodo:
1031 1964 1164 2025 Consilio

82 2096 84 2100 ,
123 2049 215 2122 igitur
229 2050 362 2109 mundus
377 2048 620 2122 administratur:
649 2056 805 2110 autunum
819 2048 967 2110 inlocum
983 2066 1078 2125 quum
1092 2064 1165 2108 con·
1261 2032 1262 2093 }

124 2131 247 2191 duxerit
266 2131 402 2192 breviter
421 2131 666 2206 propositionem
681 2140 712 2192 et
726 2132 989 2207 adsumptionem,
1016 2131 1164 2206 adiungit,

126 2215 200 2290 quid
215 2230 255 2274 ex
268 2215 318 2274 his
333 2213 522 2287 conficiatur,
538 2216 673 2275 adhunc
687 2215 828 2275 modum:
854 2214 972 2288 Quodsi
987 2215 1098 2276 melius
1112 2229 1165 2286 ge

123 2306 232 2358 rnntur
253 2315 305 2371 ea,
334 2314 414 2374 quae
435 2297 581 2370 consilio,
611 2315 703 2374 quarn
719 2315 798 2375 quae
810 2294 878 2361 sine
892 2298 1022 2359 consilio
1038 2297 1166 2359 admini-

124 2390 272 2455 strantur,
299 2380 373 2442 nihil
393 2391 496 2443 autem
517 2381 652 2442 omniurn
671 2399 774 2442 rernm
793 2382 903 2443 melius
928 2381 1165 2453 administratur,

125 2483 216 2543 quam
231 2465 332 2526 omnis
346 2466 497 2539 mundus,
524 2466 655 2526 consilio
670 2466 761 2541 igitur
776 2467 910 2526 mundus
925 2465 1164 2527 administratur.

124 2548 404 2626 Quinquepertitam
426 2549 518 2626 igitur
538 2549 598 2610 hoc
619 2558 712 2624 pacto
734 2558 841 2624 putant
856 2546 929 2610 esse
949 2548 1164 2626 argumentati—

125 2651 223 2694 onem.
249 2634 371 2699 mv.
394 2633 446 2694 60.
462 2632 518 2707 Qui
533 2641 635 2693 autem
649 2633 829 2708 tripertitam
844 2650 916 2694 esse
932 2633 1053 2707 dicunt,
1067 2632 1164 2692 iinon
1261 2652 1262 2657 ¹

126 2715 211 2775 aliter
230 2716 354 2776 tractari
374 2725 483 2791 putant
503 2725 648 2796 oportere
662 2717 971 2792 argumentationem,
1000 2717 1057 2777 sed
1070 2715 1165 2790 parti·

125 2798 240 2858 tionem
259 2798 369 2858 horum
389 2799 627 2874 reprehendunt.
659 2800 778 2875 Negant
798 2800 877 2861 enim
899 2816 1001 2873 neque
1015 2816 1035 2859 a
1049 2814 1165 2873 propo-

128 2881 237 2943 sitione
252 2896 355 2955 neque
369 2882 407 2940 ab
422 2882 637 2958 adsumptione
652 2882 894 2958 approbationes
910 2898 1015 2959 earum
1026 2881 1165 2956 separari

128 2975 286 3040 oportere,
311 2981 414 3040 neque
435 2964 681 3041 propositionem
695 2967 867 3028 absolutam
881 2983 984 3041 neque
995 2964 1165 3040 adsumpti-

127 3066 216 3110 onem
229 3047 288 3109 sibi
299 3049 469 3123 perlectam
478 3048 583 3124 videri,
597 3066 677 3125 quae
684 3051 908 3127 approbatione
917 3050 1164 3112 confirmatanon

127 3133 173 3194 sit.
207 3133 307 3207 Quare
323 3149 401 3208 quas
415 3132 458 3192 illi
473 3135 551 3194 duas
564 3143 669 3208 partes
684 3144 853 3208 numerent,
874 3134 1122 3211 propositionem
1135 3144 1166 3195 et

127 3217 396 3292 approbationem,
422 3216 481 3277 sibi
502 3234 593 3280 unam
615 3228 734 3293 partem
758 3217 875 3290 videri,
900 3217 1163 3294 propositionem

129 3317 205 3375 quae
218 3299 244 3360 si
256 3301 429 3376 approbata
439 3318 501 3362 non
514 3301 562 3376 sit,
574 3302 747 3377 propositio
760 3318 822 3362 non
837 3300 876 3361 sit
882 3301 1164 3376 argumentationis.
1261 3314 1262 3335 ³

126 3383 214 3456 item,
241 3400 322 3458 quae
343 3385 382 3444 ab
403 3384 464 3445 illis
485 3386 661 3462 adsumptio
683 3395 713 3459 et
734 3384 959 3457 adsumptionis
980 3379 1163 3457 approbatio

129 3465 253 3541 dicatur,
270 3469 400 3529 eandem
415 3468 474 3529 sibi
488 3469 738 3543 adsumptionem
753 3469 851 3528 solam
866 3467 973 3525 videri.
1008 3466 1052 3519 Ita
1066 3459 1108 3528 lit,
1130 3462 1165 3512 ut
