2575 3892
151 160 212 222 ret
516 159 565 217 aa
581 156 813 215 th‘aNTtOltE
1182 119 1225 218 aa
1255 213 1256 233 ,

150 311 269 375 cuniam
283 304 491 376 probabatis,
504 304 531 366 si
543 304 707 382 pecuniam
719 321 779 366 non
790 303 921 377 habetis,
931 319 1089 379 pauperes
1100 305 1219 368 estis:

149 392 292 468 indigetis
314 399 414 452 autem
440 390 607 465 pecuniam
632 397 821 450 mercaturae
844 386 940 459 enim,
967 387 999 446 ni
1025 386 1070 451 ita
1096 402 1216 465 esset,

149 482 275 553 operam
297 491 359 535 non
381 472 511 533 daretis:
537 488 691 549 pauperes
712 472 802 547 igitur
816 471 902 531 estis.
939 471 1006 531 Hoc
1022 469 1070 530 sic
1085 489 1213 547 repre-

148 561 306 621 henditur:
332 559 431 631 Quum
453 555 596 617 dicebam
620 555 657 617 Si
668 553 813 630 indigetis
828 553 996 630 pecuniae,
1022 557 1210 628 pecuniam

149 663 210 705 uon
222 642 357 712 habetis;
372 640 432 702 hoc
443 638 664 716 intelligebam:
682 638 715 700 Si
726 646 852 713 propter
863 636 999 712 inopiam
1009 635 1042 696 in
1049 650 1209 714 egestate

148 728 240 800 estis,
261 725 423 802 pecuniam
437 741 498 783 non
513 723 650 794 habetis3
672 732 702 783 et
715 721 831 782 idcirco
843 721 1070 782 comedebam:
1096 741 1206 798 quum

147 820 247 873 autem
263 811 322 871 hoc
337 809 497 869 sumebas:
513 806 659 881 Indigetis
674 813 775 867 autern
785 803 951 881 pecuniam
966 804 1041 864 illud
1053 807 1204 882 accipie·

148 897 232 956 bam:
246 891 348 954 Vultis
362 899 464 952 autem
478 892 626 965 pecuniae
641 891 712 965 plus
727 888 849 955 habere.
871 888 918 947 Ex
932 888 1045 963 quibus
1058 905 1202 952 conces·

148 978 289 1039 sionibus
303 992 365 1037 non
381 973 541 1036 conficitur
555 974 630 1036 hoc:
654 973 810 1048 pauperes
827 969 918 1046 igitur
932 970 1024 1041 estis;
1052 975 1199 1036 confice

146 1072 230 1122 retur
242 1068 354 1134 autem,
370 1057 397 1119 si
411 1057 465 1119 tibi
479 1057 578 1134 primo
594 1073 720 1134 quoque
734 1055 794 1117 hoc
809 1054 1046 1127 concessissem,
1065 1056 1122 1131 qui
1140 1076 1198 1134 pe·

146 1143 267 1203 cuniam
289 1144 434 1203 maiorem
457 1142 548 1200 vellet
561 1140 691 1211 habere,
719 1155 788 1200 eum
804 1137 967 1219 pecuniam
981 1153 1044 1199 non
1057 1138 1196 1203 habere.

145 1226 277 1286 XLVIII.
299 1224 350 1286 89.
367 1224 469 1297 Saepe
483 1231 584 1282 autem
600 1223 726 1283 oblitum
741 1230 871 1304 putant,
888 1219 963 1296 quid
977 1225 1196 1301 concesseris

145 1306 304 1368 etidcirco
320 1307 361 1378 id,
378 1306 463 1381 quod
476 1321 538 1366 non
554 1304 725 1378 conficitur,
747 1305 838 1380 quasi
853 1303 1036 1376 conficiatur,
1057 1304 1090 1362 in
1107 1323 1195 1369 con·

146 1389 285 1451 elusione
299 1388 434 1460 infertur,
451 1389 511 1449 hoc
524 1389 633 1451 modo=
656 1387 689 1450 Si
703 1389 745 1449 ad
758 1388 843 1448 illum
857 1387 1008 1450 hereditas
1023 1385 1194 1467 veniebat,

146 1473 210 1534 veri
232 1472 331 1534 simile
352 1482 400 1534 est
414 1473 453 1531 ab
468 1472 520 1533 illo
535 1476 686 1534 necatum.
718 1470 838 1532 Deinde
852 1471 912 1532 hoe
927 1471 1100 1546 approbant
1115 1474 1191 1547 plu·

144 1557 229 1618 rimis
245 1556 358 1618 verbis.
391 1556 465 1616 Post
479 1558 658 1618 adsumunt:
681 1556 731 1616 nd
745 1554 829 1616 illurn
843 1565 944 1616 autem
959 1552 1116 1616 hereditas
1132 1574 1188 1618 ve-

145 1640 256 1703 niebat.
290 1640 410 1701 Deinde
431 1639 573 1701 infertur:
598 1641 653 1700 llle
673 1639 764 1715 igitur
779 1637 906 1709 accidia
931 1637 964 1698 id
980 1636 1065 1711 quod
1078 1639 1186 1715 exiis,

146 1741 224 1799 quae
239 1730 444 1800 sumpserant,
459 1740 520 1785 non
534 1721 704 1784 corifieitur.
727 1720 828 1797 Quare
842 1721 1011 1783 observare
1021 1720 1184 1797 diligenter

144 1816 273 1883 oportet,
297 1818 328 1870 et
343 1808 419 1881 nutu
432 1815 570 1868 sumatur
588 1804 703 1881 etquid
718 1822 759 1866 ex
774 1806 822 1866 bis
837 1802 1027 1867 conficiatur.
1091 1864 1093 1867 .

225 1890 330 1965 Ipsum
351 1898 453 1951 autem
478 1905 577 1964 genus
601 1886 874 1964 argumentationis
899 1886 1045 1950 vitiosum
1068 1888 1117 1950 his
1143 1891 1183 1950 de

144 1971 247 2033 causis
263 1974 451 2042 ostendetur,
467 1970 495 2032 si
509 1971 604 2031 autin
619 1971 690 2047 ipso
705 1971 812 2032 vitium
826 1971 884 2033 erit
897 1979 950 2032 aut
964 1971 991 2032 si
1007 1989 1071 2033 non
1084 1974 1122 2031 ad
1137 1973 1183 2048 id,

144 2054 228 2129 quod
249 2053 421 2128 instituitur,
432 2057 725 2118 accommodabitur.
743 2057 846 2131 Atque
859 2054 890 2114 in
905 2054 975 2130 ipso
992 2055 1098 2123 vitium
1114 2056 1180 2131 erit,

142 2136 169 2199 si
185 2137 308 2197 omnino
324 2144 420 2199 totum
434 2138 543 2201 lalsuun
559 2138 624 2212 erit,
639 2139 667 2198 si
682 2155 851 2212 commune,
867 2138 895 2199 si
908 2140 1045 2214 vulgare,
1063 2139 1090 2201 si
1101 2141 1179 2214 leve,

142 2220 168 2282 si
182 2229 348 2298 remotum,
369 2221 397 2282 si
410 2224 490 2282 mala
504 2222 651 2297 delinitio,
672 2222 699 2284 si
714 2230 956 2295 controversum,
977 2222 1004 2283 si
1019 2222 1180 2299 perspicu-

141 2322 201 2380 um,
223 2305 249 2365 si
264 2323 326 2367 non
341 2321 536 2380 concessum,
557 2306 584 2367 si
598 2315 698 2382 turpe,
720 2305 747 2366 si
763 2306 928 2388 offensum,
941 2305 969 2366 si
984 2306 1179 2382 contrarium,

141 2388 168 2449 si
179 2389 368 2462 inconstans,
384 2389 411 2449 si
422 2390 596 2450 adversum.
617 2388 669 2450 90.
684 2388 808 2450 Falsum
819 2397 874 2463 est,
891 2389 922 2449 in
937 2407 998 2466 quo
1011 2390 1180 2464 perspicue

139 2471 332 2530 mendacium
353 2478 416 2544 est,
440 2471 500 2531 boe
520 2472 630 2532 modo:
656 2470 723 2532 Non
745 2479 849 2548 potest
869 2490 942 2534 esse
962 2471 1095 2546 sapiens,
1123 2473 1181 2547 qui

140 2553 302 2627 pecuniam
326 2552 460 2627 negligit.
497 2553 642 2617 Socrates
669 2563 771 2617 autem
795 2556 958 2632 pecuniam
983 2552 1179 2629 negligebat:

138 2637 204 2695 Non
219 2634 449 2712 igitursapiens
464 2644 536 2697 erat
557 2638 724 2713 Commune
739 2646 801 2714 est,
815 2642 901 2716 quod
916 2639 1008 2701 nihilo
1022 2637 1121 2713 magis
1137 2641 1177 2699 ab

138 2719 334 2793 adversariis,
357 2737 447 2796 quam
463 2738 481 2780 a
496 2720 586 2784 nobis
601 2722 681 2797 lacit,
697 2724 757 2784 hoc
772 2724 880 2785 mod0=
902 2724 1031 2797 idcirco,
1045 2721 1175 2798 iudices,

139 2805 211 2882 quia
233 2820 339 2864 veram
353 2822 479 2867 causam
493 2806 659 2880 habebam,
680 2806 767 2867 brevi
781 2807 935 2883 peroravi.
967 2807 1103 2882 Vulgare
1118 2815 1175 2881 est,

139 2890 221 2965 quod
233 2891 273 2950 ad
284 2889 374 2949 aliam
389 2906 515 2964 quoque
528 2906 594 2949 rem
609 2908 670 2951 non
687 2889 887 2967 probabilem,
905 2889 932 2952 si
947 2907 1028 2952 nunc
1045 2906 1173 2952 conces·
1189 2892 1196 2896 ’

138 2990 206 3034 sum
221 2972 269 3045 sit,
290 2973 447 3033 transferri
463 2972 572 3047 possit,
587 2981 620 3034 ut
634 2974 709 3034 hoc=
736 2972 769 3034 Si
784 2991 909 3051 causam
923 2991 1029 3036 veram
1044 2991 1106 3035 non
1120 2975 1173 3035 ha·

137 3055 237 3124 beret,
259 3055 349 3118 vobis
363 3072 414 3129 se,
435 3055 571 3129 iudices,
591 3072 654 3117 non
670 3057 883 3119 commisisset.
913 3058 997 3120 Leve
1012 3066 1069 3132 est,
1090 3059 1172 3133 quod

135 3142 189 3192 aut
202 3144 274 3207 post
287 3146 408 3214 tempus
424 3139 548 3212 dicitur,
574 3141 633 3201 hoe
648 3143 757 3202 modo:
783 3140 816 3201 Si
830 3141 860 3201 in
877 3148 1010 3202 mentem
1025 3141 1169 3214 venisset,

137 3231 198 3272 non
215 3219 433 3285 commisisset:
455 3229 507 3282 aut
521 3224 684 3297 perspicue
699 3233 818 3298 turpem
832 3243 897 3287 rem
913 3224 973 3285 levi
989 3233 1094 3300 tegere
1107 3226 1172 3286 vult

134 3294 326 3370 defensione,
341 3303 400 3360 hoc
416 3304 524 3365 modo:
