2575 3892
100 178 163 245 150
423 172 425 183 ’
475 174 526 232 nit
542 169 776 231 INVENTIONE
1111 183 1148 239 43

101 347 173 404 eos,
194 327 278 404 apud
294 341 374 400 quos
389 322 539 383 educatus
555 320 616 393 sis,
637 320 756 394 ineos,
777 320 923 395 aquibus
939 322 1094 397 eruditus,
1116 325 1145 385 in

101 421 249 483 mortuos,
270 409 301 468 in
317 406 449 467 miseros
464 413 495 465 et
508 401 723 465 misericordia
736 401 859 478 dignos,
880 403 912 464 in
927 404 1069 467 homines
1085 411 1146 469 cla-

101 513 165 570 ros,
180 493 301 555 nobiles
316 498 347 551 et
361 491 480 550 honore
494 501 581 559 usos,
597 486 629 546 in
644 502 711 560 coe,
727 486 779 562 qui
794 501 897 562 neque
911 487 1038 550 laedere
1053 490 1144 566 alium
1173 542 1175 546 .

102 597 161 642 nec
176 595 212 639 se
227 574 394 637 defendere
409 579 585 648 potuerunt,
606 577 640 631 ut
653 569 685 630 in
699 586 830 649 pueros,
852 585 964 647 senes,
985 573 1145 646 mulieres3

104 663 216 740 quibus
238 677 279 720 ex
299 657 441 719 omnibus
462 653 574 716 acriter
594 652 728 715 excitata
748 651 918 729 indignatio
941 672 1093 718 summum
1114 658 1146 720 in

102 764 183 820 eum,
206 743 259 819 qui
274 739 396 803 violarit
410 741 521 801 horum
535 735 668 899 αὔξω,
690 737 795 799 odium
811 753 1009 800 commovere
1023 741 1144 821 poterit.

103 827 175 893 104.
195 829 302 888 Nonus
323 827 412 887 locus
434 832 497 895 est,
523 839 579 898 per
620 837 691 883 uem
712 838 781 882 ctnn
801 819 869 881 aliis
884 822 1036 898 peccatis,
1063 840 1144 898 quae
1245 834 1249 839 ·

103 921 227 976 constat
250 929 322 974 esse
349 916 486 984 peccata,
502 907 571 981 ltoc,
588 923 651 983 quo
662 906 702 967 de
713 904 854 981 quaestio
867 914 923 978 est,
941 914 1146 983 comparatur,

104 1008 134 1060 et
147 997 190 1057 ita
204 1012 262 1071 per
274 992 510 1065 contentionem,
527 1000 640 1066 quanto
653 989 787 1051 atrocius
800 996 831 1050 et
842 988 996 1064 indignius
1009 990 1050 1051 sit
1059 988 1145 1067 illud,

104 1083 143 1141 de
159 1098 221 1156 quo
237 1077 346 1153 agitur,
362 1074 543 1139 ostenditur.
565 1074 711 1135 Decimus
726 1075 814 1136 locus
831 1082 887 1146 est,
902 1090 959 1148 per
974 1090 1067 1150 quem
1082 1090 1144 1135 om·

104 1163 170 1237 nia,
186 1160 322 1238 quaein
337 1163 460 1235 negotio
484 1160 621 1234 gerendo
636 1165 706 1218 acta
720 1166 792 1221 sunt
807 1173 949 1233 quaeque
964 1167 1037 1234 post
1051 1168 1144 1235 nego-

100 1249 175 1308 tium
206 1252 376 1309 consecuta
397 1250 482 1314 sunt,
506 1259 576 1303 curn
597 1241 688 1302 unius
710 1241 862 1316 cuiusque
882 1239 1090 1316 indignatione
1114 1249 1146 1303 et

104 1326 316 1391 criminatione
337 1325 510 1402 colligimus
532 1335 562 1387 et
581 1342 648 1386 rem
669 1323 772 1385 verbis
801 1340 893 1400 quam
917 1323 1047 1385 maxime
1071 1334 1144 1385 ante

103 1415 212 1474 oculos
228 1409 310 1484 eiuS,
332 1410 418 1485 apud
433 1426 525 1485 quem
540 1407 666 1483 dicitur,
686 1407 842 1485 ponimus,
860 1416 893 1469 ut
905 1408 947 1481 id,
968 1408 1052 1484 quod
1065 1406 1144 1468 indi·

103 1513 197 1572 gmun
219 1503 283 1569 est,
309 1492 439 1569 proinde
459 1492 503 1553 illi
516 1491 658 1554 videatur
672 1491 846 1568 indignum,
873 1510 911 1561 ac
927 1491 954 1553 si
969 1491 1038 1569 ipse
1053 1492 1146 1553 inter·

103 1578 195 1641 luerit
216 1587 246 1639 ct
266 1594 416 1654 praesens
430 1575 551 1638 viderit.
585 1576 776 1638 Undecimus
791 1578 879 1638 locus
894 1578 958 1651 cst,
983 1592 1148 1653 perquem

103 1661 297 1725 ostendimus
312 1663 351 1722 ab
366 1677 405 1724 eo
419 1662 542 1734 lactum,
557 1679 578 1721 a
593 1679 655 1737 quo
670 1659 793 1723 minime
808 1660 987 1737 oportuerit
1002 1668 1033 1722 et
1044 1678 1147 1736 aquo,

103 1747 131 1808 si
145 1744 225 1809 alius
241 1746 366 1819 laceret,
381 1744 540 1823 prohiberi
555 1744 744 1806 conveniret.
766 1742 977 1807 Duodecimus
988 1747 1076 1806 locus
1089 1751 1147 1819 est,

102 1847 160 1905 per
183 1846 275 1906 quem
294 1826 504 1905 indignamur,
530 1830 614 1906 quod
629 1828 794 1890 nobishoc
810 1827 915 1904 primis
931 1827 1079 1891 acciderit
1093 1845 1149 1889 ne-

104 1931 165 1989 que
179 1911 272 1973 alicui
286 1930 431 1988 umquam
445 1930 507 1975 usu
521 1913 648 1974 venerit.
680 1910 751 1974 105.
766 1912 887 1974 Tertius
902 1913 1042 1977 decimus
1056 1913 1145 1974 locus

102 2003 159 2070 est,
175 1995 203 2057 si
217 2012 286 2056 cum
300 1994 411 2058 iniuria
427 1995 611 2059 contumelia
621 1995 725 2067 iuncta
735 1997 972 2073 demonstratur,
987 2014 1043 2075 per
1053 2013 1148 2075 quem

100 2083 204 2141 locum
218 2078 249 2138 in
266 2080 443 2154 superbiam
457 2089 488 2142 et
502 2081 714 2157 adrogantiam
729 2082 834 2143 odium
849 2082 1030 2146 concitatur.
1050 2083 1147 2157 Quar-

102 2173 151 2226 tus
167 2163 306 2226 decimus
321 2165 410 2224 locus
426 2172 489 2236 est,
498 2181 556 2240 per
570 2182 662 2240 quent
676 2163 808 2241 patimus
824 2166 863 2226 ab
876 2165 925 2240 iis,
944 2166 997 2243 qui
1008 2166 1148 2242 audiunt,

99 2255 135 2308 ut
154 2248 195 2307 ad
215 2262 289 2308 suas
303 2263 356 2308 res
370 2257 493 2310 nostras
507 2247 634 2309 iniurias
648 2252 796 2320 referant;
824 2249 852 2309 si
866 2251 908 2311 ad
921 2267 1037 2327 pueros
1049 2249 1148 2326 perti-

99 2331 193 2403 nebit,
214 2329 374 2392 delibaris
389 2331 455 2393 suis
470 2330 620 2407 cogitent3
643 2330 670 2393 si
684 2333 725 2393 ad
738 2334 899 2407 mulieres,
921 2334 961 2396 de
976 2335 1148 2405 uxoribus;

101 2416 129 2476 si
149 2415 190 2476 ad
211 2431 322 2487 senes,
348 2416 388 2476 de
408 2414 547 2489 patribus
566 2425 618 2478 aut
633 2417 824 2491 parentibus.
861 2417 988 2491 Quintus
1003 2416 1148 2478 decimus

99 2499 188 2559 locus
204 2505 261 2572 est,
276 2513 332 2573 per
346 2513 439 2572 quem
454 2497 595 2573 dicimus,
609 2499 741 2562 inimicis
758 2519 883 2578 quoquc
896 2507 926 2560 et
939 2499 1079 2561 hostibus
1093 2516 1147 2575 ea,

101 2597 181 2658 quae
202 2579 293 2641 nobis
315 2579 497 2655 acciderint,
522 2581 649 2660 indigna
662 2583 761 2645 videri
776 2588 886 2647 solere.
921 2583 959 2644 Et
973 2580 1147 2658 indignatio

101 2663 227 2743 quidem
240 2663 289 2723 his
306 2665 369 2725 lere
385 2666 425 2725 de
439 2665 517 2727 locis
532 2667 716 2742 gravissime
732 2678 878 2731 sumetur.
1138 2685 1144 2701 ··

179 2750 244 2809 LV.
264 2746 335 2810 106.
352 2748 591 2826 conquestionis
606 2760 708 2813 autem
722 2751 900 2814 huiusmodi
915 2752 1058 2813 derebus
1072 2767 1148 2825 par-

98 2844 147 2896 tes
163 2842 270 2909 petere
286 2832 449 2908 oportebit.
479 2835 668 2911 Conquestio
685 2845 733 2898 est
747 2837 845 2899 oratio
862 2836 1036 2897 auditorum
1050 2834 1147 2897 mise-

96 2917 263 2980 ricordiam
284 2925 423 2993 captans.
457 2920 492 2979 ln
506 2919 565 2979 hac
580 2920 711 2995 primum
726 2920 860 2982 animum
874 2919 1023 2981 auditoris
1040 2917 1149 2980 mitem

98 3011 130 3061 et
143 3001 376 3062 misericordem
392 3003 546 3064 conficere
559 3011 689 3079 oportet,
707 3022 768 3081 quo
782 3004 904 3066 facilius
916 3000 1148 3079 conquestione

98 3084 287 3144 commoveri
308 3084 418 3160 possit.
455 3087 491 3146 Id
511 3085 589 3148 locis
605 3087 820 3150 communibus
835 3088 962 3150 allicere
978 3085 1148 3162 oportebit,

96 3177 154 3251 per
169 3183 248 3235 quos
264 3169 405 3228 fortunae
420 3167 467 3231 vis
482 3168 514 3229 in
530 3187 637 3232 omnes
653 3181 684 3233 et
694 3171 852 3233 hominum
863 3169 1025 3232 infirmitas
1039 3177 1149 3230 osteu-

98 3241 193 3331 dllufs
206 3263 282 3334 ⁸qua
301 3249 439 3312 oratione
460 3252 564 3313 habita
584 3252 764 3329 gravitaret
778 3254 971 3316 sententiose
1009 3252 1149 3314 maxime

98 3319 263 3381 demittitur
283 3329 403 3420 animus
424 3334 581 3396 hominum
602 3338 690 3396 etad
712 3337 959 3399 misericordiam
981 3353 1149 3412 compara-

97 3406 160 3465 tur,
187 3417 280 3473 quum
301 3425 332 3465 m
352 3411 452 3473 alieno
474 3419 554 3477 malo
578 3436 665 3478 suam
691 3419 896 3481 infirmitatem
922 3419 1150 3480 considerabit.
