2575 3892
118 202 181 267 154
486 198 538 259 DE
553 193 785 256 INVENTIONE
1121 207 1170 261 52

119 351 261 417 omnibus
276 367 371 411 unum
385 348 416 409 in
430 349 532 410 locum
548 349 664 411 coactis
680 347 897 425 scriptoribus,
924 352 1010 425 quod
1025 349 1169 430 quisque

119 434 369 499 commodissime
401 433 580 509 praecipere
611 433 788 506 videbatur,
823 435 1037 508 excerpsimus
1064 446 1169 498 etex

118 520 212 580 variis
238 517 370 592 ingeniis
396 515 656 577 excellentissima
677 532 820 593 quaeque
841 517 1016 580 libavimus.
1051 520 1100 579 Ex
1120 520 1167 581 iis

119 605 216 677 enim,
244 602 297 678 qui
318 601 440 662 nomine
461 608 492 662 ct
505 601 652 661 memoria
670 600 753 675 digni
769 609 854 673 sunt,
879 617 937 660 nec
953 601 1028 662 nihil
1044 602 1166 678 optime

118 703 177 748 nec
198 684 300 746 omnia
321 684 567 761 praeclarissime
582 684 746 758 qnisquam
761 684 865 743 dicere
880 685 971 745 nobis
986 682 1166 747 ridebatur.

118 771 314 846 Quapropter
334 766 459 829 stultitia
479 768 549 827 visa
563 776 677 827 estant
691 783 710 825 a
724 767 803 828 bene
818 765 951 828 inventis
966 767 1097 828 alicuius
1112 786 1165 828 re-

114 854 243 924 cedere,
260 852 288 912 si
307 870 367 929 quo
388 854 419 913 in
434 852 509 912 vitio
525 852 592 912 eius
614 850 858 919 offenderemur,
880 854 935 908 aut
948 849 992 907 ad*
1004 849 1076 910 vitia
1090 850 1165 913 eius

115 951 243 1011 quoque
258 938 425 1010 accedere,
448 936 537 997 culus
558 936 663 1010 aliquo
680 936 760 995 bene
775 941 945 1009 praecepto
963 933 1164 998 duceremur.
1265 1010 1266 1021 ἵ

114 1023 145 1084 5.
164 1022 281 1097 Quodsi
295 1022 326 1081 in
342 1021 472 1081 caeteris
485 1036 610 1097 quoque
620 1020 731 1082 studiis
743 1037 763 1081 a
773 1018 875 1082 mullis
888 1021 1002 1096 eligere
1012 1022 1159 1084 homines

116 1106 400 1167 commodissimum
422 1105 584 1180 quodque,
612 1120 704 1179 quam
724 1119 796 1165 sese
816 1104 869 1164 uni
884 1104 976 1164 alicui
990 1115 1074 1167 cerlo
1091 1110 1159 1167 vel·

114 1190 178 1249 lent
192 1188 353 1261 addicere,
373 1186 474 1247 minua
489 1187 520 1246 in
535 1187 746 1261 adrogantiam
760 1184 964 1258 offenderent3
992 1205 1053 1250 non
1069 1198 1157 1251 tanto
1265 1190 1266 1267 ξ

114 1287 211 1346 opere
231 1271 262 1329 in
277 1270 361 1330 vitiis
376 1280 627 1344 perseverarent;
652 1270 808 1345 aliquanto
823 1270 922 1331 levius
937 1288 976 1331 ex
989 1271 1159 1332 inscientia

114 1354 298 1414 laborarent.
320 1356 367 1412 Ac
382 1352 411 1413 si
424 1368 481 1428 par
495 1352 526 1412 in
540 1353 630 1413 nobis
646 1353 739 1414 huius
752 1353 826 1414 artis
841 1363 932 1430 utque
945 1354 975 1413 in
986 1353 1038 1414 illo
1050 1354 1157 1428 pictu—
1264 1418 1266 1443 A

113 1454 169 1497 rae
192 1435 321 1499 scientia
336 1435 463 1509 luisset,
488 1438 622 1497 lortasse
636 1437 735 1512 magis
750 1436 810 1500 hoc
825 1438 856 1498 in
871 1454 928 1499 suo
943 1453 1055 1515 genere
1070 1453 1157 1512 opus

114 1530 263 1594 nostrum,
281 1536 373 1596 quarn
383 1521 412 1580 in
430 1538 488 1581 sua
501 1522 622 1598 pictura
635 1519 808 1581 illenobilis
821 1521 958 1583 eniteret.
978 1521 1027 1581 Ex
1037 1520 1157 1581 maiore

114 1606 196 1666 euim
206 1605 298 1680 copia
309 1605 399 1665 nobis
412 1620 505 1680 quam
516 1604 559 1664 illi
571 1604 626 1665 luit
637 1606 849 1681 exemplorum
860 1603 993 1679 eligendi
1004 1612 1156 1681 potestas.

112 1690 167 1748 Ille
181 1706 243 1750 una
259 1706 299 1750 ex
312 1689 389 1749 urbe
404 1698 489 1749 etex
504 1704 541 1748 eo
557 1704 684 1750 numero
698 1686 861 1762 virginum,
884 1704 964 1762 quae
979 1695 1042 1750 tum
1057 1697 1155 1761 erant,

113 1772 226 1847 eligere
242 1774 356 1849 potuit:
378 1773 469 1832 nobis
485 1771 633 1844 omnium,
655 1771 842 1847 quicumque
857 1772 980 1833 luerunt
993 1772 1033 1832 ab
1048 1771 1155 1832 ultimo

112 1855 265 1932 principio
287 1855 377 1917 huius
398 1854 626 1930 praeceptionis
648 1871 749 1929 usque
763 1856 804 1914 ad
818 1854 878 1915 hoc
892 1863 1031 1931 tempuS,
1057 1872 1155 1931 expo·

112 1938 180 1999 sitis
195 1938 305 2013 copiis,
323 1940 542 2015 quodcumque
556 1941 701 2013 placeret,
718 1937 851 2012 eligendi
866 1946 1006 2015 potestas
1022 1938 1086 1999 suit.

191 2022 221 2082 6.
243 2025 290 2081 Ac
311 2018 434 2083 veteres
450 2021 575 2097 quidem
590 2022 757 2097 scriptores
772 2020 847 2083 artis
862 2038 965 2097 usque
978 2039 999 2083 a
1012 2019 1153 2098 principe
1264 2020 1265 2027 ’

110 2097 170 2166 illo*
185 2113 278 2179 atque
299 2105 460 2166 inventore
473 2104 556 2164 Tisia
569 2105 718 2180 repetitos
732 2122 827 2166 unum
841 2104 873 2165 in
887 2106 990 2167 locum
1005 2102 1155 2167 conduxit
1264 2156 1265 2161 ,

110 2187 294 2249 Aristoteles
310 2196 341 2250 et
356 2188 533 2250 nominatim
549 2187 701 2266 cuiusque
714 2190 883 2265 praecepta
897 2205 1009 2264 magna
1023 2189 1152 2265 conqui-

111 2272 170 2333 sita
191 2289 264 2334 cura
284 2271 451 2349 perspicue
467 2271 653 2347 conscripsit
666 2281 760 2348 atque
775 2273 908 2334 enodata
922 2273 1083 2349 diiigenter
1099 2289 1154 2333 ex·
1264 2276 1265 2341 l

110 2356 231 2432 pesula
258 2372 296 2416 ac
316 2365 433 2418 tantum
453 2355 665 2418 inventoribus
685 2355 764 2431 ipsis
786 2357 937 2418 suavitate
958 2366 989 2416 et
999 2356 1153 2416 brevitate
1264 2354 1265 2429 ζ

110 2439 233 2499 dicendi
254 2440 420 2513 praestitit,
446 2446 479 2500 ut
498 2455 588 2499 nemo
610 2439 731 2500 illorum
755 2448 923 2515 praecepta
947 2446 986 2499 e‘x
1010 2437 1154 2512 ipsorum
1264 2452 1265 2521 l

109 2521 195 2581 libris
212 2531 390 2595 cognoseat,
412 2522 470 2581 sed
484 2537 602 2595 omnes,
625 2522 677 2599 qui
693 2524 777 2597 qnod
792 2523 835 2584 illi
848 2520 1038 2599 praecipiant
1052 2520 1154 2581 velint

108 2603 294 2680 intelligere,
317 2604 453 2664 adhunc
470 2605 559 2679 quasi
574 2607 615 2666 ad
630 2607 785 2681 quendam
799 2609 894 2668 multo
909 2602 1153 2667 commodiorem

108 2687 331 2763 explicatorem
349 2696 552 2750 revertantur.
587 2686 616 2750 7.
637 2691 741 2765 Atque
761 2690 811 2750 hic
833 2690 958 2765 quidem
977 2688 1047 2763 ipse
1068 2695 1099 2747 et
1115 2704 1152 2747 se

107 2771 211 2847 ipsum
224 2772 316 2833 nobis
343 2782 375 2835 et
395 2789 465 2849 eos,
489 2774 630 2849 quiante
647 2776 782 2847 fuerant,
819 2773 851 2832 in
865 2773 967 2834 medio
983 2770 1097 2847 posuit,
1118 2778 1153 2831 ut

108 2865 249 2918 caeteros
271 2865 302 2917 et
323 2873 358 2917 se
379 2857 482 2932 ipsum
494 2873 552 2932 per
566 2874 601 2917 se
617 2872 894 2931 cognosceremus:
919 2855 1033 2916 abhoc
1049 2861 1152 2914 autem
1263 2878 1264 2921 3

108 2939 162 3013 qui
176 2940 309 3015 proiecti
328 2949 413 3013 sunt,
444 2956 629 3016 quamquam
643 2939 674 2999 in
690 2940 832 3001 maximis
847 2937 1065 3015 philosophiae
1080 2952 1151 3011 par·
1263 2944 1264 2949 ’

107 3022 189 3084 tibus
206 3040 321 3099 operae
335 3023 498 3100 plurimum
513 3034 788 3099 consumpserunt,
814 3021 1038 3097 memetipse,
1060 3020 1149 3081 cuius
1263 3054 1264 3069 κ

106 3103 245 3165 instituta
266 3109 490 3182 sequebantur,
515 3107 645 3180 fecerat,
672 3116 773 3167 tamen
788 3108 940 3183 permulta
955 3105 1045 3165 nobis
1061 3118 1151 3179 prae·

108 3193 200 3252 cepta
220 3188 344 3249 dicendi
363 3190 563 3266 reliquerunt.
598 3195 702 3265 Atque
723 3189 775 3251 alii
791 3206 918 3266 quoque
933 3188 994 3249 alio
1011 3187 1150 3248 exiente

107 3275 327 3349 praeceptores
348 3272 471 3333 dicendi
493 3280 727 3346 emanaverunt,
753 3272 806 3347 qui
820 3273 894 3333 item
908 3274 1094 3348 permultum
1109 3270 1152 3330 ad

107 3339 478 3432 d¹⁰0¹¹d1111tsiquidars
492 3356 624 3429 prolicit,
641 3355 780 3429 opitulati
795 3364 877 3415 sunt.
910 3356 988 3414 Nam
1004 3354 1059 3414 luit
1075 3361 1150 3412 tem-

107 3430 184 3484 1¹⁰re
199 3421 323 3497 eodem,
346 3446 407 3501 quo
423 3435 621 3510 Aristoteles,
643 3453 773 3511 magnus
788 3446 818 3497 et
833 3435 947 3497 nobilis
961 3436 1068 3497 rhetor
1082 3437 1150 3496 lso·
