2575 3892
110 267 158 318 tgs
360 253 475 314 LlBEit
490 254 526 311 ll.
549 253 631 313 cni).
646 262 731 313 4—5.
754 258 780 319 t.
796 262 915 316 12—1e.
1097 253 1158 318 157

111 417 158 468 ‘ut
168 406 210 477 nt,
224 421 262 465 ex
275 401 457 464 lassitudine
469 401 602 462 dormire
615 400 721 475 sensit,
734 400 1035 463 accessitetalterius
1043 417 1159 477 cortun,

125 489 179 563 qai
202 488 270 548 sine
290 485 390 546 numis
409 494 491 557 erat,
517 483 653 560 gladium
672 492 799 560 propter
818 485 995 559 appositum
1015 485 1160 562 evagina

123 572 231 632 eduxit
246 578 277 630 et
289 570 517 629 illumalterum
531 567 654 640 occidit,
671 583 782 629 numos
795 566 927 638 abstulit,
944 567 1078 642 gladium
1092 586 1160 630 cru·

123 650 613 726 entuminvaginamrecondidit,
634 653 704 730 ipse
715 669 750 714 se
762 653 793 712 in
803 668 895 712 suum
907 653 1021 711 lectum
1032 653 1159 727 recepit.

124 739 179 796 llle
195 744 311 807 autern,
328 734 415 796 ouius
430 734 532 810 gladio
548 733 664 795 occisio
679 741 745 795 erat
758 736 852 805 lacta,
867 734 962 795 multo
977 740 1048 794 aute
1062 735 1162 804 lucem

126 817 274 891 surrexit,
301 817 443 879 comitem
463 817 548 877 illum
569 834 659 877 snum
678 817 854 878 inclamavit
868 816 964 877 semel
978 825 1009 877 et
1024 815 1160 892 saepius.

125 899 175 962 15.
190 903 278 962 Illum
289 916 398 983 somno
411 900 590 976 impeditum
601 916 664 961 non
674 901 865 976 respondere
877 898 1077 971 existimavit,
1092 900 1163 976 ipse

125 983 261 1058 gladium
274 992 305 1045 et
319 992 449 1056 caetera,
465 1000 545 1058 quae
561 998 668 1044 secum
678 984 826 1053 attulerat,
844 981 976 1053 sustulit,
992 984 1079 1043 solus
1091 999 1162 1059 pro-

125 1070 225 1127 fectus
247 1076 304 1128 est.
340 1067 445 1142 Caupo
462 1083 524 1126 non
538 1067 633 1126 multo
648 1073 722 1142 post
736 1068 906 1127 conclamat
919 1062 1075 1127 hominem
1091 1082 1162 1126 esse

124 1149 264 1211 occisum
289 1159 320 1211 ot
346 1166 416 1211 cum
441 1149 625 1224 quibusdam
660 1147 872 1210 diversoribus
892 1149 991 1221 illum,
1013 1150 1162 1229 quiante

123 1232 250 1300 exierat,
266 1232 468 1309 consequitur
481 1232 512 1292 in
526 1232 644 1292 itinere.
666 1232 827 1293 Hominem
842 1232 1082 1313 comprehcndit,
1099 1235 1162 1307 gla-

123 1315 207 1376 dium
221 1315 289 1376 eins
304 1315 446 1390 evagina
456 1314 568 1387 educit,
583 1314 699 1390 reperit
709 1323 878 1377 cruentum.
898 1316 999 1378 Homo
1011 1316 1042 1375 in
1054 1316 1162 1376 urbem

123 1398 162 1458 ab
182 1397 242 1457 illis
264 1398 425 1459 deducitur
446 1415 482 1458 ac
502 1415 576 1459 reus
597 1399 640 1458 fit.
675 1399 710 1458 In
730 1399 789 1459 hac
802 1399 929 1460 intentio
946 1408 994 1459 est
1007 1397 1160 1461 criminis:

122 1478 281 1539 Occidisti.
309 1481 476 1555 Depulsio=
496 1481 565 1539 Non
581 1480 691 1541 occidi.
718 1481 767 1540 Ex
781 1482 894 1556 quibus
910 1480 1087 1541 constitutio
1103 1490 1160 1551 est,

18 1558 19 1572 ¹
111 1561 157 1620 ¹id
172 1569 221 1620 est
236 1562 392 1635 quaestio,
415 1562 524 1622 eadem
537 1562 569 1621 in
585 1562 799 1636 coniecturali,
822 1580 902 1639 quae
916 1563 1076 1623 iudicatio:
1104 1560 1162 1621 Oc·

18 1646 20 1711 ζ
123 1642 294 1704 cioaitner

18 1734 21 1740 ·
205 1727 244 1784 V.
266 1724 316 1788 16.
336 1728 423 1787 Nunc
443 1742 636 1800 exponemus
650 1728 754 1798 locos,
781 1742 912 1801 quorum
925 1744 999 1803 pars
1013 1727 1117 1803 aliqua
1130 1728 1160 1789 in

123 1825 248 1870 omnem
268 1809 506 1871 coniecturalem
525 1808 633 1869 incidit
647 1809 899 1884 controversiam.
935 1811 1002 1871 Hoc
1016 1819 1118 1873 autem
1132 1822 1164 1872 et

125 1893 156 1952 in
176 1893 286 1954 horum
306 1895 445 1955 locorum
464 1892 661 1967 expositione
681 1900 712 1954 et
736 1892 768 1953 in
793 1902 985 1955 caeterorum
1009 1892 1163 1971 oportebit

123 1977 291 2048 attendero,
306 1994 370 2038 uon
384 1993 493 2061 omnes
509 1975 540 2035 in
556 1992 678 2038 omnem
692 1992 819 2038 causam
833 1977 1009 2039 convenire.
1039 1977 1115 2038 Nam
1129 1987 1162 2039 ut

22 2074 24 2078 ’
124 2076 215 2121 omne
228 2076 342 2121 nomen
357 2077 398 2121 ex
411 2059 576 2135 aliquibus,
597 2077 661 2121 non
676 2076 716 2121 ex
730 2059 871 2121 onmibus
887 2059 993 2123 litteris
1008 2060 1160 2135 scribitur,

24 2146 28 2162 ²
125 2143 172 2201 sic
193 2159 314 2204 omnem
328 2143 360 2203 in
376 2159 501 2204 causam
515 2159 578 2205 non
593 2142 694 2205 omnis
708 2153 956 2219 argumentorum
971 2143 1076 2219 eopia,
1104 2145 1162 2205 sed

124 2240 232 2285 eorum
253 2226 432 2288 necessario
454 2242 527 2302 pars
548 2226 653 2302 aliqua
672 2226 847 2288 conveniet.
883 2225 987 2287 Omnis
1009 2226 1101 2302 igitur
1122 2243 1162 2286 ex
1269 2284 1270 2289 ,

20 2320 25 2336 ²
124 2324 229 2379 causa,
245 2325 285 2370 ex
299 2326 444 2384 persona,
460 2325 502 2369 ex
516 2311 596 2371 lacto
612 2311 683 2386 ipso
699 2309 876 2371 coniectura
890 2309 1041 2385 capienda
1056 2319 1112 2370 est.

198 2388 249 2454 17.
272 2393 372 2454 Causa
392 2392 584 2455 distribuitur
603 2392 634 2453 in
654 2393 873 2469 impulsionem
891 2402 922 2454 et
948 2393 979 2453 in
999 2392 1160 2452 ratiocina-

21 2476 34 2505 i
109 2473 246 2536 tionem.
283 2476 431 2550 impulsio
453 2484 516 2549 est,
544 2493 625 2552 quae
646 2476 713 2536 sine
734 2477 919 2552 cogitatione
934 2492 991 2551 per
1006 2477 1161 2551 quandam

34 2624 37 2633 ‚
122 2559 329 2620 adlectionem
342 2558 434 2621 animi
448 2561 551 2621 lacere
566 2559 684 2636 aliquid
698 2561 848 2633 hortatur,
870 2568 904 2621 ut
917 2575 1017 2632 amor,
1040 2559 1160 2621 iracun-
1268 2638 1269 2641 Ἴ

122 2641 182 2712 dia,
198 2643 367 2717 aegritudo,
382 2644 549 2704 vinolentia
564 2652 594 2704 et
608 2644 732 2705 omnino
745 2643 855 2713 omnia,
871 2643 902 2703 in
916 2643 1028 2719 quibus
1040 2644 1160 2705 animus

17 2716 41 2812 ij]
122 2723 166 2783 ila
183 2723 306 2786 videtur
326 2727 465 2786 adlectus
487 2727 600 2798 luisse,
624 2736 658 2788 ut
671 2743 736 2788 rem
751 2726 929 2803 perspicere
945 2725 1160 2786 cumconsilio

24 2810 41 2883 ἦ
122 2814 154 2867 et
168 2822 242 2866 cura
255 2824 318 2868 non
332 2809 466 2883 potuerit
480 2817 510 2869 et
522 2809 563 2882 id,
586 2812 672 2884 quod
686 2811 766 2883 lecit,
787 2810 904 2886 impetu
917 2810 1055 2884 quodam
1067 2807 1161 2869 animi

16 2910 40 2968 rj
122 2888 337 2964 potiusquam
351 2889 538 2966 cogitatione
553 2893 669 2953 lecerit.
706 2891 756 2956 18.
777 2890 980 2954 Ratiocinatio
997 2900 1045 2951 est
1059 2900 1160 2955 autem

22 2967 43 3060 a
123 2971 256 3047 diligens
278 2981 309 3034 et
323 2974 519 3034 considerata
533 2974 666 3036 faciendi
681 2975 797 3051 aliquid
811 2982 940 3036 autnon
957 2970 1090 3036 faciendi
1105 2992 1160 3036 ex-
1252 3030 1258 3035 .

17 3060 46 3138 lfi
121 3055 276 3131 cogitatio.
308 3057 355 3116 Ea
367 3057 480 3118 dicitur
491 3057 669 3120 interfuisse
683 3067 755 3127 tum,
773 3076 867 3134 quum
882 3057 999 3135 aliquid
1013 3058 1161 3136 [faciendi

16 3142 47 3199 tlt·
98 3148 173 3202 <aut
193 3157 256 3201 non
276 3140 422 3221 faciendi]
444 3150 529 3204 corta
549 3143 588 3202 de
609 3158 705 3203 causa
722 3142 840 3204 vitasse
860 3152 913 3204 aut
933 3151 1059 3203 secutus
1087 3160 1160 3205 esse

17 3224 48 3271 n‘
118 3223 240 3285 animus
255 3225 417 3300 videbitur,
433 3234 476 3300 ut,
493 3224 521 3288 si
534 3225 685 3286 amicitiae
701 3225 776 3302 quid
791 3242 887 3287 causa
901 3227 1015 3287 lactum
1030 3225 1157 3298 dicetur,

19 3298 49 3365 eli
119 3306 148 3367 si
161 3306 276 3369 inimici
290 3308 470 3381 ulciscendi,
492 3309 520 3370 si
533 3318 642 3381 motus,
660 3308 687 3370 si
701 3308 826 3383 gloriae,
844 3309 871 3370 si
886 3310 1046 3385 pecuniae,
1063 3309 1090 3369 si
1104 3311 1158 3368 de-

18 3378 51 3469 lli
119 3389 230 3464 nique,
251 3401 285 3452 ut
299 3393 401 3453 omnia
414 3393 582 3468 generatim
595 3393 829 3466 amplectamur,
850 3392 981 3455 alicuius
995 3388 1156 3477 retinendi,

16 3460 51 3525 ,rt
109 3474 254 3547 vaugendi
267 3474 500 3551 adipiscendive
516 3474 670 3537 commodi
685 3482 737 3535 aut
751 3484 860 3537 contra
872 3473 1041 3542 rciioiendi,
1062 3470 1157 3527 derm-
