2575 3892
101 143 122 209 8
438 143 492 203 AD
517 144 547 207 C.
569 142 799 205 HERENNIUM

103 309 266 386 quaesisse
281 309 455 381 videamur,
476 308 503 369 si
521 308 608 384 prius
630 324 731 386 peuce
753 311 793 370 de
808 308 961 369 divisione
977 326 1140 370 causarum

104 393 285 456 dixerimus.
1090 452 1094 459 ,
1126 406 1130 413 ·

190 478 422 555 Πῳειμεεῑυῐη
436 473 549 540 divisio
564 475 595 536 in
610 476 689 551 duas
702 485 808 553 portes
822 475 985 538 distributa
1000 486 1056 538 est.
1075 477 1137 537 Pri·

102 577 184 620 mum
206 550 599 620 secundumnerrationem
617 550 771 621 debemus
794 560 930 636 aperire,
955 560 1028 643 quid
1049 558 1165 643 nobist
1242 572 1248 597 “·

104 646 270 704 conveniat
288 660 357 704 cum
374 644 576 715 adversariis,
601 645 675 718 quid
690 644 721 703 in
742 643 959 705 controversia
973 643 1027 706 sit:
1050 647 1078 704 si
1093 642 1169 715 cafix

104 743 185 801 quae
199 728 284 788 utilia
298 725 388 788 nobis
405 735 503 798 erunt,
520 726 723 797 convenient,
738 728 799 788 hoc
816 729 925 789 modo:
944 728 1141 788 Interiectam

105 825 178 872 esse
205 813 244 871 ab
271 810 381 875 Oreste
406 818 534 871 matrem
564 810 712 872 convenit
740 808 813 871 mihi
838 826 906 870 cum
937 810 1141 870 adversariis:

106 889 213 950 iurene
224 888 331 947 lecerit
342 896 372 948 et
384 885 541 946 licueritne
554 886 667 957 locere,
679 883 711 943 id
723 892 771 943 est
782 882 813 943 in
826 885 1049 945 controversia.
1069 889 1145 948 Item

107 989 126 1035 e
145 971 314 1033 contrario:
336 974 598 1046 Agamemnonem
618 984 690 1027 esse
708 983 727 1026 a
746 966 988 1043 Clytaemnestra
1006 968 1144 1030 occisum

108 1055 306 1127 confitentum
337 1070 431 1131 quum
459 1050 492 1111 id
512 1050 554 1113 ito
577 1051 630 1124 sit,
652 1067 701 1109 me
724 1048 833 1110 ulcisci
854 1061 1011 1125 parentem
1032 1061 1145 1128 negant

108 1137 294 1214 oportuisse.
316 1137 541 1213 Deinde‚quum
551 1135 612 1197 hoc
623 1133 798 1206 fecerimus,
809 1133 1024 1196 distributione
1034 1136 1080 1197 uti
1091 1137 1144 1197 de

106 1222 226 1282 bemus.
254 1221 299 1280 Ea
310 1220 456 1281 dividitur
465 1219 496 1280 in
508 1221 586 1280 duas
597 1229 718 1294 partes,
735 1217 995 1299 enumerationem
1007 1228 1037 1280 et
1048 1235 1143 1294 expo·
1155 1230 1175 1283 rt
1251 1212 1264 1229 '

108 1304 267 1391 sitioneur.u
304 1302 541 1364 Enumeratione
561 1312 698 1376 utemur,
728 1285 994 1378 dur—Tmolius·
1004 1294 1143 1378 numero,
1156 1294 1196 1364 ff*

110 1384 189 1463 quoi
204 1386 243 1446 de
260 1388 354 1448 rebus
366 1387 476 1449 dicturi
489 1403 605 1448 sumus.
637 1387 713 1445 Eum
725 1388 797 1462 plus
810 1402 901 1462 quam
912 1386 1003 1449 trium
1014 1389 1144 1464 partium

106 1487 235 1532 numero
247 1488 319 1532 esse
331 1488 392 1532 non
406 1479 535 1546 oportet.
553 1470 629 1531 Nam
641 1477 672 1530 et
682 1470 891 1545 periculosum
903 1481 960 1543 est,
971 1472 1143 1546 nequando

106 1557 178 1631 plus
196 1554 338 1616 minusve
353 1554 507 1629 dicamus,
530 1563 561 1616 et
571 1552 783 1629 suspicionem
793 1554 894 1616 adfert
904 1553 1036 1616 auditori
1048 1555 1143 1617 medi-

106 1638 231 1700 talionis
243 1646 272 1700 et
284 1637 412 1712 artificii,
424 1655 504 1715 quae
515 1655 567 1699 res
578 1638 672 1698 iidem
683 1638 811 1713 abrogat
819 1638 958 1699 orationi.
980 1637 1143 1714 Expositio

107 1733 170 1796 est,
194 1739 289 1800 quum
306 1739 374 1796 res,
397 1722 509 1798 quibus
528 1723 567 1784 de
583 1723 678 1783 rebus
691 1721 801 1783 dicturi
812 1738 936 1796 sumus,
959 1722 1144 1797 exponimus

106 1807 443 1870 breviteretabsolute.

55 1900 59 1903 “
189 1890 239 1951 18.
260 1891 347 1950 Nunc
365 1891 405 1949 od
415 1888 686 1959 confirmationem
715 1894 746 1948 et
758 1887 997 1948 confutationem
1028 1895 1180 1994 oense-Q
1268 1899 1277 1943 t

106 1987 203 2032 amus.
233 1972 310 2032 Toto
327 1985 401 2046 spes
413 1968 558 2030 vincendi
568 1967 710 2045 ratioque
720 1968 929 2043 persuadendi
941 1969 1044 2043 posita
1054 1980 1103 2030 est
1114 1972 1144 2032 in
1186 1985 1193 2005 ·

106 2050 1145 2125 confirmationeetinconfutatione.Namquumadiumentonostra

107 2133 344 2210 exposuerimus
357 2133 571 2210 contrariaque
582 2132 833 2208 dissolverimuS‚
851 2134 993 2196 obsolute
1003 2134 1144 2198 nimirum

106 2235 218 2278 munus
237 2217 402 2280 oratorium
420 2217 654 2279 confecerimus.
687 2217 736 2285 xl.
758 2217 929 2294 Utrumque
940 2218 1031 2294 igitur
1042 2221 1145 2282 iecere

106 2300 292 2377 poterimus,
322 2300 349 2363 si
371 2301 620 2363 constitutionem
642 2316 756 2362 causae
779 2302 1027 2377 cognoverimus.
1068 2304 1144 2364 Cau-

74 2462 80 2471 *
106 2401 210 2446 sarum
233 2385 467 2447 constitutiones
488 2384 539 2445 alii
562 2392 705 2475 quattuor
726 2386 880 2446 feceruntz
909 2395 1016 2447 noster
1035 2370 1190 2467 doctori<

92 2469 258 2546 -·'Hermes]
277 2478 343 2543 tres
358 2469 476 2543 pulavit
493 2470 584 2542 esse]
597 2468 666 2529 'no'n
684 2475 718 2528 ut
729 2468 768 2527 de
778 2468 899 2530 illorum
911 2467 1081 2545 quidquem
1091 2470 1145 2531 de·
1160 2474 1162 2481 ‘
1184 2468 1196 2486 ¹

104 2551 240 2611 traheret
249 2551 441 2624 inventione,
466 2551 522 2611 sed
533 2560 567 2612 ut
578 2551 768 2623 ostenderet,
787 2551 835 2625 id,
858 2552 943 2627 quod
955 2551 1146 2628 oportuisset
1192 2562 1195 2565 “

105 2633 285 2709 simpliciter
296 2650 333 2694 ac
345 2633 491 2709 singulari
502 2635 594 2694 modo
607 2635 737 2707 docere,
754 2634 825 2695 illos
837 2633 1033 2700 distribuisse
1045 2635 1147 2712 dupli·

104 2719 180 2778 citer
193 2716 387 2793 etbipertito.
417 2715 597 2778 constitutio
610 2725 659 2778 cst
668 2715 1145 2803 primewdeprecetiodolensoris
1168 2720 1188 2801 ἔ,

103 2818 174 2862 cum
185 2801 376 2863 accusatoris
389 2799 616 2862 insimulatione
627 2796 1077 2883 coniuncteT*Cltinsdtudones
1089 2803 1144 2863 ita-

104 2902 175 2961 que,
192 2895 226 2948 ut
237 2894 308 2947 ante
321 2884 464 2960 diximus,
481 2893 544 2946 tres
558 2891 642 2946 sunt:
667 2884 893 2960 coniecturalis,
909 2885 1054 2963 legitima,
1072 2886 1145 2945 iuri-

1241 374 1248 419 l

102 2969 234 3030 diciolis.
268 2968 489 3047 coniecturalis
507 2975 571 3043 est,
592 2984 688 3044 quum
705 2969 745 3029 de
762 2969 844 3030 lacto
862 2968 1074 3030 controversia
1086 2976 1144 3041 est,
1164 2972 1217 3052 ἢ...

102 3050 162 3110 hoo
180 3053 290 3112 modo=
311 3051 393 3113 Aiax
411 3053 442 3114 in
462 3053 557 3127 silvo,
578 3060 744 3128 postquam
761 3050 893 3119 resciit,·
926 3066 1007 3125 quae
1017 3049 1145 3111 lecisset

102 3150 159 3208 per
177 3133 344 3209 insanium,
366 3135 469 3210 gladio
487 3134 633 3197 incubuit.
673 3134 782 3195 Ulixes
806 3132 983 3207 intervenit,
1005 3132 1144 3195 occisum

104 3218 319 3293 conspicetur,
344 3232 475 3293 corpore
493 3220 586 3279 telum
604 3226 763 3279 cruentum
776 3216 888 3278 educit.
921 3217 1039 3279 Teucer
1049 3217 1143 3279 inter·

102 3300 201 3361 vonit:
226 3316 296 3359 cum
322 3301 445 3361 tratrem
468 3300 621 3376 occisum,
643 3300 798 3361 inimicum
823 3299 925 3361 fratris
950 3317 1021 3362 cum
1039 3300 1142 3376 gladio

103 3393 230 3445 cruento
243 3383 337 3455 videt,
349 3381 457 3457 capitis
466 3384 605 3445 arcessit.
621 3384 688 3460 Hic,
702 3382 1141 3457 quoniamconiecturaverum
