2575 3892
334 240 451 303 LIBER
465 240 516 301 111.
539 240 621 298 CAP.
639 248 758 300 18-21.
780 244 805 305 i.
821 245 941 299 31-34.
1118 237 1158 299 53

116 397 193 458 satis
213 397 345 457 idoneos
366 390 506 452 invenire
528 405 562 448 se
584 404 647 453 nnn
667 387 798 462 putabit,
825 387 893 462 ipse
908 385 966 446 sibi
992 388 1159 451 constituat

116 498 209 557 quam
223 482 309 540 volet
322 479 435 537 multos
450 473 563 532 licebit.
575 470 830 557 Gogiqqtquenim
846 470 985 544 quamvis
998 470 1159 546 regionem

114 572 220 640 potest
240 558 384 635 amplecti
405 566 436 619 et
455 556 486 616 in
508 571 546 616 ea
566 550 732 631 situmloei
747 553 907 613 cuiusdam
920 554 960 613 ad
975 570 1063 615 suum
1075 554 1156 614 arbi-

114 643 366 721 trium-fabricari
382 634 644 719 et,urcl1itectaris
657 638 756 711 Quare
772 636 883 708 licebit,
900 635 928 695 si
942 635 1000 695 hac
1013 648 1157 712 prompta

116 730 211 803 copia
232 722 367 788 contenti
387 740 449 785 non
471 723 599 794 erimus,
627 721 850 796 nosmetipsos
865 719 955 779 nobis
972 720 1157 795 cogitatione

116 821 224 874 nostra
243 810 402 884 regionem
424 806 610 868 constituere
626 816 657 866 et
671 805 853 866 idoneorum
868 805 1006 863 locorum
1023 818 1156 863 commo-

117 894 278 955 dissimam
301 890 528 952 distinctionem
549 904 739 963 comparare.
781 889 827 948 lle
847 887 926 947 loeis
947 886 1022 947 satis
1043 885 1157 945 dictum

116 987 181 1038 est:
197 993 278 1037 nunc
293 977 334 1035 ad
347 973 513 1048 imaginum
526 973 677 1033 rationem
692 979 895 1031 transeamus.

197 1061 262 1120 XX.
289 1057 341 1120 33.
368 1058 517 1131 Quoniam
542 1071 615 1129 ergo
639 1070 742 1115 rerum
769 1055 884 1114 similes
910 1051 1060 1127 imagines
1085 1066 1158 1127 esse

117 1140 252 1208 oportet,
269 1148 306 1190 ex
320 1131 461 1190 omnibus
474 1128 578 1188 verbis
594 1138 686 1190 notas
701 1130 1020 1209 nobissimilitudines
1030 1132 1164 1213 geligepg

115 1219 281 1276 debemus:
301 1214 440 1288 duplices
452 1213 544 1288 igitur
557 1212 771 1274 similitudines
784 1230 856 1274 esse
868 1212 991 1286 debent,
1009 1231 1150 1295 unaere-

109 1318 199 1387 pugg,
219 1302 335 1359 alterae
354 1298 531 1385 gerbogqqt.
566 1298 681 1357 Rerum
696 1296 908 1361 similitudines
927 1298 1148 1373 exprimuntur,

117 1400 211 1457 quum
217 1383 391 1442 summatim
403 1380 541 1456 ipsorum
553 1380 747 1453 negotiorum
758 1379 907 1453 imagines
916 1397 1148 1457 comparamus:

117 1469 283 1527 verborum
299 1463 513 1525 similitudines
528 1464 765 1534 constituuntur,
782 1481 875 1537 quum
890 1463 981 1523 unius
999 1465 1150 1537 cuiusque

118 1550 250 1609 nominis
262 1556 294 1610 et
305 1547 449 1607 vocabuli
460 1547 608 1604 memoria
619 1546 750 1619 imagine
761 1554 895 1604 notatur.
915 1546 971 1606 Rei
981 1546 1076 1606 totius
1088 1564 1150 1606 me-

119 1633 247 1691 moriam
247 1647 356 1710 nsaepe
366 1645 429 1711 una
437 1637 514 1707 nota
524 1635 557 1693 et
565 1629 696 1700 imagine
708 1628 735 1709 s‘i¹
763 1704 765 1707 v
785 1628 838 1709 lici
851 1629 1149 1703 comprehendimus,
1162 1696 1167 1701 ,

120 1711 180 1770 hoe
201 1706 378 1777 monoJ'sn'
391 1704 600 1769 si‘aecusator
621 1706 765 1768 dixerita
799 1726 854 1769 rec
869 1706 1159 1770 hominem'veneno

120 1800 308 1867 necatum-et
322 1790 500 1851 hereditatis
515 1805 610 1851 eausa
623 1792 736 1852 iactum
751 1791 885 1865 arguerit
899 1799 930 1851 et
947 1791 1014 1850 eius
1027 1792 1073 1851 rei
1084 1794 1160 1853 mul·

120 1886 169 1939 tos
186 1875 297 1935 dixerit
311 1883 407 1935 testes
423 1885 453 1935 et
467 1873 611 1935 conscios
626 1890 712 1934 esse:
735 1873 762 1933 si
775 1875 836 1934 hoc
850 1873 990 1950 primum,
1006 1882 1039 1935 ut
1052 1876 1091 1935 ad
1107 1877 1160 1936 de·

121 1960 307 2020 rendendum
319 1958 409 2018 nobis
422 1958 599 2032 expeditum
611 1959 659 2031 sit,
672 1958 849 2019 meminisse
862 1959 1011 2032 volemus
1021 1957 1158 2035 inprime

119 2047 189 2104 loco
209 2043 255 2102 rei
269 2041 363 2102 totius
378 2041 542 2115 irnaginem
557 2041 833 2103 conformabimus:
857 2052 1017 2116 aegrotum
1031 2042 1062 2103 in
1077 2046 1158 2107 lecto
1174 2086 1180 2115 f
1209 2092 1220 2097 ..
1273 2086 1278 2096 ¹

120 2128 282 2186 cubantem
304 2125 452 2185 iaciemus
466 2125 568 2200 ipsum
582 2124 681 2198 illum,
708 2127 748 2186 de
763 2141 824 2201 quo
841 2136 961 2199 egetur,
990 2125 1016 2187 si
1031 2128 1160 2189 formam
1177 2122 1184 2137 ‘

120 2209 188 2269 eius
203 2208 425 2279 detinebimus3
447 2207 475 2267 si
490 2225 560 2269 etun
574 2209 887 2283 noneegnoverimus,
902 2209 1036 2286 aliquem
1050 2227 1159 2286 aegro-

120 2301 183 2353 tum
198 2309 260 2351 non
276 2294 315 2353 de
328 2291 453 2352 minimo
469 2293 538 2353 loeo
554 2308 719 2366 sumemus,
735 2302 770 2353 ut
780 2293 843 2353 cito
858 2292 890 2352 iu
905 2302 1038 2354 mentem
1052 2294 1160 2355 venire
1181 2336 1192 2373 ‚r

120 2376 227 2451 possit,
244 2384 275 2437 et
288 2393 373 2438 reum
384 2376 425 2435 ud
436 2376 548 2436 lectum
559 2376 626 2437 eius
637 2376 849 2449 adsumamus,
866 2377 993 2436 dextera
1004 2379 1158 2450 poculum,
1178 2388 1192 2421 ι’
1209 2408 1215 2427 ι

121 2459 243 2518 sinistra
258 2461 393 2532 tabulas,
418 2459 540 2520 medico
556 2459 1055 2545 testiculosharietinostenentem.
1090 2460 1171 2525 H0c¹

121 2543 211 2604 modo
233 2553 264 2604 et
284 2544 407 2604 testimn
428 2552 459 2604 et
479 2543 657 2606 hereditatis
680 2552 710 2604 et
729 2540 851 2604 veneno
867 2544 967 2604 necati
981 2543 1173 2612 memoriam¹

121 2625 233 2685 habere
248 2627 426 2700 poterimus.
454 2624 507 2687 34.
521 2629 596 2688 Item
611 2628 761 2703 deinceps
776 2636 899 2688 caetera
913 2626 1041 2688 crimina
1055 2645 1094 2692 ex
1110 2646 1159 2688 or-

122 2709 192 2767 dine
207 2709 237 2766 in
254 2710 331 2769 loeis
346 2726 514 2783 ponenms3
540 2721 585 2784 et,
609 2710 888 2785 quotienscumque
903 2727 967 2771 rem
982 2710 1159 2770 meminisse

121 2792 272 2860 volemus⁷
287 2792 314 2850 si
328 2793 494 2852 lormumnn
509 2793 713 2868 dispositione
729 2801 760 2852 et
773 2792 937 2866 imaginum
953 2792 1090 2864 diligenti
1105 2809 1157 2851 no·

121 2872 237 2932 tatione
251 2880 378 2944 utemur,
394 2873 484 2933 lacile
498 2890 550 2946 ea,
566 2890 646 2949 quae
660 2876 810 2944 volemus
825 2873 974 2933 memoria
988 2889 1161 2948 conseque·

122 2970 198 3017 tnur-
231 2955 309 3015 XXI.
325 2955 423 3029 Quurn
444 2956 608 3035 uerborum
623 2954 846 3035 similitudines
859 2954 1042 3030 imaginibus
1058 2957 1159 3032 expri-

124 3050 208 3097 mere
222 3037 379 3105 volemus,
400 3028 602 3110 plusbegom
621 3030 828 3114 suscipiemus
843 3049 875 3102 et
888 3043 985 3120 magis
999 3043 1154 3124 ingenium

125 3127 262 3179 nostrum
277 3118 500 3180 exercebimus.
537 3119 572 3179 ld
591 3137 649 3180 nos
668 3123 728 3182 boe
748 3124 841 3185 modo
862 3128 966 3189 lacere
983 3135 1153 3206 oportebit:

125 3202 191 3263 lam
207 3204 410 3263 domuitionem
426 3219 512 3277 repes
522 3204 647 3266 Amidae
655 3215 784 3284 parant.
802 3211 835 3270 ln
845 3211 945 3287 primo
957 3217 1027 3276 loeo
1040 3219 1152 3278 consti-

125 3292 210 3347 tuere
223 3293 346 3360 oportet
357 3302 466 3345 ritanus
480 3287 520 3345 ad
533 3290 652 3349 caelum
663 3292 821 3352 tollentem
833 3293 1007 3370 Donlitium,
1024 3316 1117 3372 quum
1133 3315 1152 3354 a

125 3369 631 3447 RegibusMareiisloriscaedatur.
649 3376 716 3435 Hoc
731 3376 802 3436 erit:
813 3377 881 3438 Iam
889 3381 1092 3440 domuitionem
1099 3395 1152 3433 re-

121 3470 181 3526 per.
197 3455 230 3512 ln
237 3456 333 3513 altero
342 3455 412 3514 loce
421 3456 581 3529 Aesopum
589 3464 619 3516 et
625 3450 778 3518 Cimbrum
791 3462 980 3532 †subornari
987 3466 1021 3518 ut
1027 3459 1065 3514 ad
1072 3453 1153 3525 lplri-
