2575 3892
137 183 200 245 206
509 182 561 242 DE
576 182 810 242 INVENTIONE
1138 195 1198 250 104

116 342 214 395 ⁸state
234 334 412 409 delibatum,
434 336 544 395 virtute
566 334 732 410 aliquando
754 342 785 394 et
805 334 955 395 industria
970 348 1193 415 recuperetur,

135 419 350 479 incolumitatis
371 420 449 480 ratio
472 419 626 479 videbitur
647 418 805 487 habenda;
828 434 921 493 quum
944 421 1100 480 autemid
1123 439 1189 483 non

134 503 282 578 potuerit,
290 502 469 563 honestatis.
491 504 536 562 lta
550 504 581 561 in
597 502 772 563 huiusmodi
786 516 912 578 quoque
926 517 971 578 re,
988 519 1084 579 quum
1098 507 1179 566 inco·

134 586 261 646 lumitati
275 586 448 648 videbimur
463 587 641 663 consulere,
657 601 731 646 vero
745 586 916 662 poterimus
933 587 1038 647 dicere
1052 604 1112 649 nos
1127 590 1185 650 ho-

135 670 263 729 nestatis
291 670 442 732 rationem
468 670 598 746 habere,
627 671 772 746 quoniam
793 672 861 730 sine
881 670 1092 731 incolumitate
1114 689 1187 733 eam

134 756 218 814 nullo
240 760 378 830 tempore
399 771 569 830 possumus
592 755 734 830 adipisci.
767 755 834 829 Qua
847 754 878 812 in
892 769 927 813 re
942 755 992 814 vel
1008 758 1188 816 concedere

135 838 219 897 alteri
241 839 290 897 vel
312 839 351 898 ad
373 839 587 900 condicionem
607 840 733 898 alterius
755 838 948 899 descendere
968 839 1017 898 vel
1039 839 1069 897 in
1090 855 1185 914 prae·

135 922 234 995 sentia
256 922 417 996 quiescere
438 932 530 998 atque
558 923 640 982 aliud
661 930 784 997 tempus
810 927 995 996 exspectare
1017 924 1185 997 oportebit.

136 1002 206 1067 175.
233 1006 266 1064 In
293 1007 517 1067 commoditatis
542 1021 618 1067 vero
638 1008 757 1066 ratione
777 1006 870 1067 modo
895 1004 971 1065 illud
996 1007 1184 1081 attendatur,

135 1090 267 1163 dignane
293 1106 389 1151 causa
412 1091 553 1151 videatur
578 1105 630 1160 ea,
659 1105 739 1163 quac
763 1091 804 1148 ad
828 1088 986 1149 utilitatem
1006 1089 1184 1164 pertinebit,

136 1188 232 1246 quare
248 1172 287 1231 dc
301 1174 528 1249 magnificentia
543 1179 595 1234 aut
609 1172 824 1233 dehonestate
841 1172 987 1248 quiddam
1002 1172 1182 1248 derogetur.

133 1261 236 1331 Atque
256 1256 287 1313 in
308 1257 368 1316 hoc
388 1260 458 1317 loco
473 1257 545 1315 mihi
560 1263 655 1331 caput
668 1256 742 1316 illud
756 1257 879 1317 videtur
894 1270 979 1330 esse,
1001 1262 1033 1314 ut
1048 1272 1184 1331 quaera-

134 1356 216 1411 mus,
240 1338 315 1413 quid
335 1340 374 1400 sit
394 1339 484 1412 illud,
508 1338 592 1414 quod
613 1340 640 1399 si
661 1338 791 1414 adipisci
813 1346 867 1400 aut
888 1338 1019 1413 effugere
1033 1340 1169 1398 velimus

135 1424 238 1497 aliqua
252 1436 304 1482 res
322 1423 412 1484 nobis
429 1423 468 1485 sit
482 1423 677 1498 necessaria,
698 1422 759 1484 hoc
774 1431 837 1497 est,
860 1440 939 1499 quae
959 1423 998 1481 sit
1011 1421 1180 1498 adiunctio,

134 1515 166 1566 ut
180 1505 326 1583 proinde,
347 1506 390 1568 uti
407 1523 549 1584 quaeque
566 1523 617 1567 res
633 1508 698 1573 erit,
707 1507 900 1568 elaboremus
921 1514 951 1568 et
965 1506 1182 1580 gravissimam

136 1606 290 1666 quamque
305 1607 431 1652 causam
446 1592 716 1652 vehementissime
730 1592 940 1652 neeessariam
955 1590 1136 1650 iudicemus.

220 1671 292 1735 tto.
313 1676 456 1736 Adiectio
473 1683 522 1736 est
536 1677 690 1751 quaedam
705 1690 745 1735 ex
759 1682 898 1751 tempore
913 1682 966 1736 aut
979 1690 1018 1734 ex
1038 1674 1180 1747 negotio·

135 1775 202 1818 rum
217 1766 329 1818 eventu
344 1767 396 1820 aut
411 1760 673 1820 administratione
688 1767 741 1821 aut
754 1759 911 1821 hominum
927 1758 1029 1820 studio
1045 1772 1182 1818 commu·
1255 1764 1261 1921 Ι

1259 2014 1260 2047 1

134 1844 206 1902 tatio
227 1859 344 1913 rerum,
366 1850 399 1904 ut
419 1860 481 1904 non
500 1846 593 1916 tales,
616 1845 725 1918 quales
747 1848 817 1904 ante
837 1842 959 1904 habitae
974 1843 1035 1903 sint
1049 1832 1101 1902 aut
1115 1843 1182 1916 ple

133 1942 264 2001 rumque
290 1925 396 1987 haberi
424 1929 558 1999 soleant,
583 1927 746 1987 habendae
765 1927 928 1989 videantur
950 1941 1037 1996 esse;
1063 1932 1111 2000 ut,
1140 1925 1181 1984 ad

135 2010 241 2069 hostes
262 2011 392 2070 transire
413 2019 503 2086 turpe
523 2011 645 2071 videtur
665 2026 752 2079 esse;
774 2017 805 2070 at
825 2026 886 2071 non
909 2011 961 2071 illo
976 2012 1094 2084 animo,
1117 2025 1181 2084 quo

134 2094 240 2154 Ulixes
256 2094 393 2165 transiit;
415 2102 446 2155 et
460 2096 622 2170 pecuniam
636 2096 667 2153 in
683 2110 767 2154 mare
783 2095 915 2154 deiicere
929 2095 1051 2163 inutile;
1073 2100 1103 2153 at
1118 2108 1180 2153 non

136 2193 172 2237 eo
195 2178 339 2253 consilio,
362 2196 423 2254 quo
438 2179 618 2256 Aristippus
639 2179 720 2239 iecit.
750 2177 827 2239 Sunt
846 2178 937 2254 igitur
957 2194 1008 2238 res
1028 2177 1181 2251 quaedam

135 2277 173 2319 ex
188 2269 329 2337 tempore
343 2270 373 2322 et
388 2280 427 2324 ex
442 2265 580 2337 oonsilio,
596 2279 658 2323 non
670 2279 710 2322 ex
725 2278 783 2323 sua
794 2270 903 2323 natura
917 2260 1179 2330 considerandam

136 2345 248 2419 quibus
270 2347 300 2405 in
324 2347 481 2423 omnibus,
503 2348 578 2423 quid
599 2356 739 2422 tempora
759 2353 932 2421 petantaut
947 2345 1019 2421 quid
1034 2344 1183 2420 personis

136 2429 261 2502 dignum
276 2432 323 2503 sit,
340 2432 599 2493 considerandum
613 2439 662 2492 cst
676 2438 707 2490 et
720 2448 782 2491 non
799 2431 882 2505 quid,
899 2431 956 2489 sed
968 2445 1030 2505 quo
1043 2428 1180 2504 quidque

135 2513 246 2583 animo,
264 2514 395 2587 quicum,
414 2528 474 2588 quo
490 2522 638 2589 tempore,
655 2516 803 2588 quamdiu
813 2515 875 2586 fiat,
891 2512 1109 2575 attendendum
1119 2517 1181 2570 est.

133 2595 188 2655 His
205 2609 244 2654 ex
259 2596 396 2670 partibus
411 2596 451 2655 ad
466 2599 647 2658 sententiam
663 2597 825 2658 dicendam
839 2600 927 2661 locos
943 2598 1022 2659 sumi
1036 2603 1181 2671 oportere
1257 2654 1258 2681 ,

135 2680 325 2741 arbitramur.
352 2681 428 2742 le.
446 2678 516 2744 177.
532 2683 656 2743 Laudes
671 2688 772 2743 autem
787 2690 817 2742 et
830 2682 1071 2757 vituperationes
1087 2694 1128 2738 ex
1142 2679 1180 2737 iis
1257 2684 1258 2687 ’

134 2765 212 2825 locis
234 2772 401 2839 sumentur,
423 2768 476 2841 qui
496 2767 556 2826 loci
576 2767 721 2841 personis
742 2774 814 2827 sunt
834 2766 983 2837 attributi,
1006 2765 1044 2823 de
1067 2763 1182 2837 quibus

135 2857 204 2909 ante
221 2850 334 2909 dictum
350 2856 406 2909 est.
432 2850 486 2910 Sin
502 2852 694 2911 distributius
709 2857 840 2911 tractare
855 2850 908 2925 qui
922 2850 1015 2918 volet,
1032 2846 1181 2921 partiatur

133 2934 165 2991 in
186 2934 319 2994 animum
339 2940 369 2994 et
389 2949 503 3009 corpus
525 2941 555 2994 et
569 2934 719 2995 extrarias
734 2951 785 2995 res
800 2935 911 2996 licebit.
940 2931 1042 2991 Animi
1059 2937 1107 2990 est
1120 2930 1181 2988 vir·
1256 2994 1257 2997 Ἴ

133 3023 199 3088 tuS‚
216 3019 304 3078 cuius
320 3019 359 3078 de
374 3019 513 3094 partibus
528 3020 633 3093 paullo
649 3020 849 3080 antedictum
865 3026 929 3088 est;
953 3015 1095 3089 corporis
1128 3029 1179 3071 va-

132 3100 247 3175 letudo,
270 3102 413 3177 dignitas,
428 3103 521 3177 vires,
536 3102 702 3173 velocitas;
724 3104 885 3177 extrariae,
905 3102 1017 3174 honos,
1036 3098 1181 3173 pecunia,
1242 3022 1257 3246 Ἰ

135 3180 287 3257 adfinitas,
300 3201 409 3259 genus,
422 3187 519 3261 amici,
530 3187 639 3264 patria,
652 3188 788 3262 potentia
802 3193 833 3247 et
848 3194 978 3258 caetera,
994 3198 1075 3257 quae
1091 3181 1182 3242 simili

135 3272 208 3314 esse
221 3262 252 3316 in
270 3279 384 3333 genere
398 3269 611 3343 intelligentur.
640 3270 745 3345 Atque
758 3271 789 3331 in
803 3270 852 3330 his
867 3272 914 3345 id,
932 3267 1016 3344 quod
1031 3267 1063 3325 in
1079 3265 1182 3325 omnia

134 3343 241 3428 ualere
265 3349 435 3409 oportebit:
467 3350 622 3409 contraria
648 3368 790 3425 quoque,
819 3365 900 3426 quae
921 3356 954 3409 et
972 3343 1077 3420 qualia
1109 3342 1181 3410 sint,

134 3418 351 3483 intelligentur,
397 3428 467 3486 178.
489 3432 605 3490 Videre
629 3442 732 3493 autem
755 3435 785 3493 in
810 3433 967 3493 laudando
992 3435 1022 3487 et
1043 3427 1073 3485 in
1102 3425 1181 3484 vitu-

1160 3742 1164 3751 ·
1238 3604 1255 3832 l
