2575 3892
365 184 591 235 MEMORABILIA
608 184 707 233 VITAE
726 184 893 235 CICERONIS

1095 377 1143 459 ἒῃιιί

1112 431 1134 459 ιι.

287 500 345 535 enm
361 484 457 550 populo
475 485 518 547 agi
535 483 629 545 liceret,
650 485 682 541 de
697 485 766 535 coelo
780 495 901 546 servaret,
918 483 943 536 3.
966 486 997 535 de
1015 486 1066 536 ool-

286 556 361 620 legiis
379 553 542 603 restituendis
558 555 684 616 novisque
700 555 876 613 instituendis,
895 552 922 607 4.
940 570 973 604 ue
991 570 1066 617 quem

286 637 404 675 censores
417 623 444 671 in
459 628 549 671 senatu
564 622 671 687 legendo
687 622 851 686 praeterirent
859 637 924 673 neve
933 639 983 685 qua
994 624 1066 689 igno-

286 693 363 742 minia
377 690 517 750 efficerent,
527 690 577 739 nisi
591 692 634 754 qui
643 692 713 756 apud
729 706 773 741 eos
787 698 919 741 accusatus
934 700 959 742 et
973 695 1066 742 utrius-

285 778 335 824 que
351 761 464 812 censoris
483 761 608 809 sententia
622 760 755 810 damnum
769 767 846 809 esset.
880 760 1015 810 Praeterea
1029 761 1065 811 le-

285 846 344 897 gem
361 830 431 888 tulit,
449 835 490 888 ut,
515 829 558 890 qui
576 830 658 880 civem
675 829 818 880 Romanum
835 828 1009 878 indemnatum
1025 831 1064 879 in-

286 900 436 958 teremisset,
456 898 479 947 ei
497 910 562 959 aqua
582 907 606 948 at
624 900 678 964 igni
697 899 898 949 interdiceretur.
925 897 979 957 Quo
997 898 1064 949 lacto

285 967 371 1019 Gieero
385 974 482 1016 vestem
496 973 586 1029 mutat,
602 975 627 1018 et
641 968 787 1018 sordidatus
800 965 895 1032 populo
909 965 1062 1031 supplicat.1

284 1037 356 1087 Multi
380 1043 511 1086 senatores
535 1042 560 1084 et
582 1032 632 1086 XX
651 1037 722 1087 milia
739 1036 870 1085 hominum
889 1035 1011 1096 aliorum,
1036 1038 1063 1085 in

283 1108 372 1170 primis
392 1106 491 1167 equites
505 1103 560 1154 lere
577 1118 675 1166 omnes,
694 1107 813 1155 vestitum
826 1105 956 1154 mutant.¹
976 1103 1063 1155 Cicero

282 1188 368 1225 mense
383 1173 474 1223 Martio
492 1180 606 1224 extremo
620 1174 687 1226 Urbe
705 1175 797 1229 cedit·
816 1173 877 1223 Post
897 1174 952 1222 eins
967 1173 1063 1223 disces-

282 1259 338 1293 sum
362 1241 466 1294 Glodius
485 1242 517 1291 de
536 1244 593 1291 eius
610 1244 703 1294 exsilio
721 1244 755 1292 nd
772 1242 896 1308 populum
914 1241 992 1292 refert
1009 1243 1062 1291 edi-

281 1322 400 1375 ctumque
417 1312 550 1378 proponit,
573 1319 601 1361 ut
617 1313 655 1362 illi
673 1328 739 1375 aqua
756 1319 780 1361 et
797 1313 852 1377 igni
870 1311 1064 1361 interdiceretur

281 1389 306 1432 et
319 1383 429 1432 deintra
444 1380 629 1445 quadringente
639 1383 713 1432 milia
727 1395 851 1446 passuum
861 1381 884 1429 ei
893 1380 980 1430 liceret
994 1394 1060 1429 esse.

280 1452 376 1502 Deinde
392 1449 521 1501 Ciceronis
540 1451 644 1500 domum
662 1453 689 1501 in
702 1450 816 1510 Palatio,
835 1451 897 1500 item
911 1450 998 1499 villum
1013 1449 1061 1497 Tu-

280 1522 409 1571 sculanum
425 1526 449 1569 et
463 1518 620 1568 Formianum
629 1521 750 1582 incendit,
765 1520 832 1569 bona
841 1518 955 1583 diripit.⁴
974 1518 1061 1568 Cicero

279 1591 419 1648 Vibonem,
436 1586 571 1647 linarium,
590 1589 740 1650 Tarentum,
757 1588 921 1637 Brundisium
938 1588 1016 1653 petit,
1037 1594 1062 1634 et

279 1659 312 1708 X.
327 1659 383 1708 Kal.
399 1658 453 1706 Iun.
469 1655 677 1708 'lhessslonicam
692 1657 787 1708 venit.⁸
807 1657 868 1706 Inde
886 1672 943 1706 cum
961 1658 987 1705 ei
1002 1669 1061 1719 spes

279 1728 376 1778 reditus
393 1726 461 1776 lacte
479 1733 556 1787 esset,
574 1726 758 1793 Dyrrhachium
776 1725 843 1776 redit
860 1725 927 1775 circa
944 1725 987 1774 Vl.
1003 1724 1060 1773 Kal.

202 1836 205 1840 .
278 1798 339 1848 Deo.
370 1797 399 1856 Q.
417 1795 495 1845 {ieter
512 1802 570 1846 anta
584 1797 640 1850 Kal.
652 1797 732 1847 Maias
748 1796 811 1845 Asia
827 1796 959 1860 provincie
975 1793 1061 1843 deces-

278 1867 320 1924 sit,
340 1878 416 1927 quam
435 1878 481 1926 par
498 1866 636 1913 triennium
656 1867 804 1914 obtinuerat.

313 1931 433 1980 Cicerone
448 1931 564 1993 expulso,
580 1930 684 1980 Clodius
698 1931 782 1994 legem
795 1929 852 1978 tulit
865 1929 1059 1987 dePtolemaeo‚

278 2015 338 2064 rege
356 1998 440 2064 Cypri,
459 2005 487 2044 ut
505 1997 572 2046 bona
590 2000 646 2047 eius
663 1998 853 2062 publicarentur
871 2004 895 2045 et
913 2011 1021 2060 regnum
1033 1998 1060 2044 iu

278 2068 424 2132 provinciae
447 2064 556 2114 formem
578 2067 747 2132 redigeretur3
774 2065 843 2128 qnod
867 2066 997 2129 negotium
1022 2064 1058 2113 M.

279 2135 367 2185 Gatoui
385 2133 532 2184 mandatum
549 2141 595 2185 est.

114 2192 164 2247 ost
210 2192 243 2246 5⁷
278 2204 350 2254 coss.
388 2205 420 2254 P.
441 2204 570 2254 carnaim
591 2204 714 2254 amane
731 2202 860 2265 sereser,
885 2203 916 2265 Q.
937 2202 1060 2253 cacerias
1094 2198 1128 2250 oo

380 2270 500 2323 Metelites
517 2272 612 2337 Nepos.

311 2341 431 2392 Kalendis
449 2342 572 2392 Ianuariis
589 2341 712 2393 Lentulus
730 2339 850 2406 Spinther
867 2355 920 2390 cos.
937 2341 969 2389 dc
986 2355 1058 2389 revo-

253 2406 256 2411 ’
278 2411 357 2462 condo
376 2410 496 2461 Cicerone
514 2413 540 2460 in
558 2419 649 2460 senatu
667 2425 744 2475 agere
761 2412 859 2473 coepit,
879 2408 1058 2458 adiuvantibus

278 2479 331 2529 iere
351 2479 469 2528 omnibus
487 2480 594 2528 tribunis
612 2478 711 2544 plebis,
729 2480 757 2528 in
775 2478 865 2543 primis
883 2476 911 2525 P.
931 2475 1014 2526 Sestio
1034 2486 1058 2525 et

278 2548 308 2597 Τ.
328 2549 412 2598 Annio
428 2546 529 2597 Milone.
565 2548 611 2607 llis
635 2550 728 2598 studiis
747 2547 865 2597 ellectum
885 2554 938 2604 est,
960 2554 988 2593 ut
1005 2547 1057 2609 pri-

278 2631 346 2666 mum
363 2616 454 2667 Slltum
473 2615 545 2664 fleret
563 2617 594 2665 de
613 2617 668 2665 aius
687 2615 784 2675 salute,
803 2614 896 2664 deinde
914 2613 957 2662 lex
976 2614 1007 2662 de
1027 2629 1056 2662 eo

277 2686 420 2743 revocando
436 2685 469 2734 ad
479 2683 600 2749 populum
609 2685 660 2734 late
669 2685 735 2751 prid.
746 2684 831 2733 Nonas
841 2679 929 2732 Sextii.
944 2683 1056 2731 omnium

277 2754 447 2804 centuriarum
465 2766 589 2803 consensu
605 2754 702 2817 perlate
719 2753 781 2802 est.⁶
800 2752 896 2802 Eodem
913 2749 954 2800 die
970 2748 1056 2799 Cicero

276 2822 431 2888 Dyrrhachio
443 2821 575 2888 profectus
584 2822 664 2872 Nonis
678 2820 768 2872 Sextii.
780 2821 878 2872 Tulliae
886 2819 964 2870 natali
977 2818 1056 2869 Brun·

277 2893 457 2944 disiumvenit.
476 2891 537 2941 Inde
550 2906 598 2956 per
611 2891 708 2941 ltaliam
724 2892 836 2941 omnium
850 2889 1055 2953 municipiorum,

275 2962 505 3025 praefecturarum,
536 2960 691 3011 coloniarum
718 2976 817 3011 summe
840 2958 1008 3024 gratulatione
1032 2962 1056 3003 et

276 3029 368 3092 plausu
383 3039 504 3096 exceptus
519 3029 626 3080 Romam
643 3031 714 3079 venit
726 3032 791 3095 prid.
805 3030 869 3079 Non.
881 3025 951 3089 Sept.
962 3024 1055 3072 Postri-

276 3097 317 3145 die
340 3100 454 3159 eenetui‚
480 3098 571 3149 deinde
594 3098 707 3164 populo,
733 3099 849 3147 contione
871 3109 886 3142 e
909 3090 1054 3142 consulibus

273 3191 479 3205 -—-=—

274 3288 292 3328 fi
303 3234 323 3286 1)
338 3235 385 3328 Cirr.
401 3236 430 3331 pp
444 3240 490 3282 etr.
507 3238 597 3304 111215.
627 3241 651 3293 2)
666 3250 707 3292 pro
720 3237 796 3280 Sestio
813 3237 847 3281 ll.
876 3235 906 3330 MS
914 3234 1054 3329 Opussnpra·

422 3291 956 3398 itt-tatthaeus*titana.n,
970 3288 1052 3396 ...tt

273 3393 363 3436 Rabirio
380 3397 412 3440 Π.
454 3398 475 3450 b)
494 3410 535 3451 pro
554 3399 631 3443 Pleno.
648 3400 733 3443 to.sr.
775 3401 797 3453 6)
819 3409 859 3454 pro
875 3396 936 3441 Sest.
953 3396 1068 3441 tit-tt..

274 3448 361 3492 et-st.
378 3449 466 3494 ott-62.
484 3453 505 3492 ln
520 3452 625 3495 Pisonem
642 3455 676 3496 15.
