2575 3892
130 219 171 281 90
472 217 526 277 AD
551 218 582 276 C.
606 210 836 275 HERENNIUM

131 383 289 447 occisione
300 381 541 455 i'lliuslocutum;
556 384 634 442 baec
642 380 751 455 partim
758 374 953 447 testimoniis,
961 373 1190 449 partimquae-

129 470 293 539 stionibus‚
312 467 424 544 partim
442 466 631 543 argumentis
652 464 743 524 certis
761 462 864 523 ornuia
879 460 1131 534 comprobantur
1152 467 1189 520 et

129 569 256 613 rumore
268 551 387 628 populi,
404 567 496 627 quem
510 566 550 610 ex
564 548 755 625 argumentis
771 552 876 605 natum
890 558 1024 604 necesse
1036 550 1085 603 est
1099 559 1186 605 esse

132 653 255 696 verum:
272 643 421 705 vestrum,
436 634 565 703 iudices,
582 639 639 701 est,
656 647 695 691 ex
710 630 759 689 his
773 628 803 689 in
821 643 913 687 unum
926 629 1031 685 locum
1043 627 1186 699 collatis,

130 722 245 774 certum
261 726 384 772 sumere
399 708 573 781 scientiam,
599 723 663 768 non
679 703 891 781 suspicionem
905 703 1056 765 maleficii.
1092 707 1178 767 Nam

130 812 225 857 unum
247 793 363 869 aliquid
377 800 429 852 aut
442 793 570 853 alterum
585 796 690 866 potest
703 787 734 849 in
749 787 841 848 istum
856 803 933 847 casu
947 787 1102 847 cecidisse
1119 807 1175 849 su-

131 879 285 956 spiciose;
304 884 338 938 ut
353 875 455 937 omnia
470 874 550 935 inter
564 889 600 934 se
615 890 633 933 a
649 874 748 948 primo
765 874 805 932 ad
820 879 1013 947 postremum
1029 869 1185 933 conveni-

130 971 184 1025 ant
195 961 358 1029 maleficio,
371 975 503 1019 necesse
518 965 566 1018 est
579 974 654 1017 casu
668 974 731 1017 non
746 957 888 1031 potuisse
900 954 977 1014 sieri.
997 954 1183 1014 Vehemens

135 1043 212 1100 haec
234 1047 281 1099 cst
302 1036 462 1098 exornatio
485 1044 515 1096 et
535 1034 566 1095 in
588 1032 789 1095 coniecturali
814 1032 1034 1095 constitutione
1059 1051 1181 1096 causae

136 1126 231 1182 terme
253 1136 377 1196 semper
397 1118 576 1180 necessaria
590 1127 621 1179 et
634 1118 666 1177 in
682 1115 812 1177 caeteris
827 1117 993 1192 generibus
1010 1134 1179 1179 causarum
1264 1176 1266 1183 ,

136 1214 166 1266 et
179 1206 209 1264 in
227 1203 309 1265 omni
324 1204 463 1264 oratione
477 1201 654 1261 adhibenda
669 1216 910 1276 nonnumquam.

215 1287 303 1346 XLll.
325 1283 376 1346 54.
391 1283 549 1363 Expulitip
559 1293 623 1355 est,
648 1300 742 1358 quum
757 1282 787 1343 in
803 1285 912 1344 eodem
927 1285 996 1345 locu
1012 1300 1180 1346 manemus

136 1380 167 1433 et
181 1370 264 1430 aliud
278 1354 471 1443 atque‘al'iud
486 1366 590 1427 dicere
604 1365 754 1427 videmur.
786 1367 831 1426 Ea
846 1366 1006 1441 dupliciter
1019 1367 1061 1441 iit,
1077 1367 1105 1426 si
1121 1378 1181 1429 aut
1265 1404 1266 1409 κ

136 1455 266 1515 eandem
289 1453 378 1528 plane
406 1456 619 1516 remdicemus
632 1458 685 1510 aut
699 1451 738 1510 de
754 1452 862 1510 eadem
876 1467 919 1509 re.
958 1449 1094 1510 Eandem
1108 1468 1179 1510 rem

96 1546 99 1553 ’
136 1538 284 1608 dicemus,
301 1554 362 1598 nun
378 1536 487 1596 eodem
503 1535 595 1596 ruodo
609 1569 653 1580 —-
666 1550 737 1594 nam
751 1533 783 1594 id
799 1534 924 1608 quidem
938 1534 1109 1595 obtundere
1121 1551 1176 1595 au-

74 1626 77 1635 ‘
136 1622 267 1683 ditarem
281 1629 344 1693 est,
365 1637 427 1680 non
440 1635 506 1678 rem
521 1619 661 1694 expolire
676 1653 718 1663 -
732 1618 788 1678 sed
805 1624 996 1677 commutate.
1033 1616 1173 1679 Commu·

137 1705 269 1766 labimus
284 1702 452 1779 tripliciter,
467 1703 581 1776 verbis,
597 1700 843 1778 pronuntiando,
857 1700 1026 1761 tractando.
1059 1700 1174 1762 Verbis

137 1787 406 1861 commutabimus
434 1804 543 1862 quum,
568 1802 602 1846 re
624 1785 832 1857 semeldinc,
857 1784 966 1845 iterum
980 1796 1033 1846 aut
1047 1785 1174 1859 saepius

137 1874 206 1932 aliis
221 1872 342 1945 verbis,
365 1887 445 1947 quaa
459 1870 541 1930 idem
555 1871 693 1942 valeant,
716 1869 824 1929 eadem
838 1884 890 1928 res
905 1869 1093 1942 proferetur,
1114 1868 1173 1928 hoc

137 1956 247 2015 modo:
262 1955 382 2014 Nullum
393 1961 508 2013 tantum
521 1961 569 2013 est
580 1953 758 2027 periculum,
772 1952 856 2027 quod
868 1951 994 2026 sapiens
1005 1968 1063 2027 pro
1075 1954 1174 2012 salute

138 2036 255 2112 patriae
277 2035 435 2095 vitandum
449 2036 621 2096 arbitretur.
661 2037 759 2109 Quum
774 2044 881 2110 agetur
894 2035 1089 2097 incolumitas
1104 2052 1173 2109 per-

138 2127 232 2195 petua
246 2116 392 2190 civitatis,
415 2117 468 2193 qui
482 2119 572 2179 bonis
588 2117 645 2178 erit
659 2118 828 2179 rationibus
843 2118 1019 2193 praeditus,
1035 2120 1171 2193 protecto

138 2204 255 2263 nullum
269 2200 350 2261 vitae
365 2201 530 2262 discrimen
546 2202 605 2262 sibi
620 2220 677 2276 pro
694 2201 824 2263 fortunis
838 2202 884 2263 rei
897 2202 1040 2277 publicae
1056 2203 1172 2277 lugien—
1264 2238 1265 2243 κ

137 2288 212 2347 dum
226 2284 344 2361 putabit
359 2293 389 2346 et
403 2285 459 2348 erit
473 2284 504 2345 in
519 2302 557 2346 ea
572 2285 723 2346 sententia
738 2301 869 2361 semper,
882 2294 916 2348 ut
929 2302 986 2362 pro
1002 2285 1100 2361 patria
1112 2294 1172 2347 stu·

139 2370 229 2432 diose
251 2368 391 2443 quamvis
417 2368 448 2427 in
474 2386 616 2445 magnam
641 2369 811 2430 descendat
830 2368 912 2430 vitae
938 2369 1172 2431 dimicationem.
1264 2384 1265 2391 ¹

138 2454 368 2517 Pronuntiando
395 2458 666 2530 commutabimus,
696 2458 723 2519 si
750 2452 889 2531 quumin
917 2470 1075 2525 sermone,
1110 2462 1173 2512 tum

138 2535 170 2594 in
185 2535 367 2608 acrimonia,
393 2542 456 2594 tum
470 2535 501 2594 in
522 2536 583 2596 alio
599 2548 692 2611 atque
707 2533 767 2596 alio
782 2551 896 2611 genere
910 2537 998 2598 vocis
1012 2544 1103 2611 atque
1118 2552 1173 2610 gc-

139 2626 206 2679 stus
237 2618 345 2678 eadem
377 2618 482 2678 verbis
514 2620 729 2680 commutando
761 2623 1038 2694 pronuntiationem
1047 2636 1173 2694 quoque

139 2700 351 2764 vehementius
366 2700 595 2766 immularimus.
625 2705 693 2763 Hoc
705 2720 807 2779 neque
820 2704 1069 2766 commodissime
1081 2702 1172 2764 scribi

139 2795 243 2864 potest
258 2804 360 2862 neque
374 2802 482 2862 parum
497 2795 545 2847 est
559 2795 714 2862 apertum,
738 2803 834 2861 quare
855 2805 916 2848 non
939 2796 1009 2862 eget
1030 2785 1169 2862 exempli.

220 2870 270 2934 55.
292 2871 423 2932 Tertium
439 2886 538 2945 genus
559 2879 606 2931 est
627 2869 889 2945 commutationis,
910 2872 994 2946 quod
1017 2871 1169 2933 tractando
1263 2872 1264 2875 ’

139 2957 308 3029 conficitur,
325 2955 353 3016 si
368 2954 549 3015 sententiam
564 2953 750 3016 traiiciemus
765 2955 870 3014 autad
886 2954 1170 3017 sermocinationem

140 3045 193 3093 aut
215 3039 255 3094 ad
267 3037 548 3099 exsuscitationem.
583 3037 1169 3117 XLlll.,Smmocipatinest—dcqua

140 3115 263 3188 planius
277 3122 381 3193 paullo
393 3129 466 3195 post
476 3137 533 3182 suo
546 3122 616 3180 loco
627 3120 776 3191 dicemus,
787 3118 868 3181 n'uuc
880 3119 1022 3192 breviter,
1039 3122 1121 3195 quod
1132 3120 1169 3178 ad

139 3196 219 3256 hano
229 3216 295 3258 rem
307 3201 382 3262 satis
394 3203 443 3275 sit,
458 3203 642 3278 attingemus
651 3233 704 3277 —,
715 3202 746 3262 in
759 3220 821 3277 qua
832 3203 1034 3265 constituetur
1045 3202 1169 3263 alicuius
1262 3248 1263 3261 ,

139 3294 295 3371 personae
309 3283 406 3342 oratio
421 3286 654 3346 accommodata
668 3286 709 3345 ad
723 3285 916 3360 dignitatem,
932 3287 992 3347 hoc
1007 3287 1114 3361 modo,
1129 3294 1168 3359 ut,
1262 3330 1263 3335 η

141 3374 202 3428 quo
216 3358 336 3416 lacibus
349 3377 401 3419 res
416 3366 566 3436 cognosci
576 3367 686 3440 possit,
703 3383 741 3427 ne
753 3369 791 3427 ab
804 3370 914 3427 eadem
926 3367 1166 3429 sententiarece

139 3438 265 3492 damus=
291 3436 433 3510 Sapiens,
449 3444 503 3514 qni
517 3447 620 3506 omnia
633 3448 679 3508 rei
699 3449 842 3521 publicae
857 3466 952 3513 causa
973 3449 1171 3526 suscipienda
