2575 3892
125 200 160 255 99
346 186 509 246 LlBltRll.
527 186 743 248 Cillan—53.
757 194 782 253 S·
797 196 952 250 lot-160.
1107 186 1169 252 aot

128 343 282 420 quiddam,
305 339 390 415 quod
405 353 463 398 sua
475 338 505 395 vi
519 353 578 397 nos
594 338 717 397 adliciat
731 337 771 396 ad
785 353 865 412 sese,
886 357 949 400 non
964 341 1170 402 emolumento

127 426 383 503 captansaliquo,
406 422 463 482 sed
477 421 603 480 trahens
619 436 677 480 sua
691 421 855 495 dignitate;
878 424 961 496 quod
976 440 1087 500 genus,
1107 426 1168 485 vir-

125 519 185 587 tus,
201 510 338 580 scientia,
354 506 469 565 veritas
485 511 542 564 est.
570 505 627 564 Est
640 504 724 564 aliud
739 512 840 565 autern
855 522 917 566 non
939 518 1066 581 propter
1081 525 1169 570 suam

125 597 188 655 vim
202 601 233 653 et
246 600 394 664 naturam,
415 589 472 648 sed
492 595 621 664 propter
636 589 766 647 fructum
783 595 875 663 atque
889 590 1046 649 utilitatem
1062 600 1169 665 peten-

126 680 213 747 dum;
230 677 316 753 quod
326 689 434 751 genus,
450 674 583 748 pecunia
593 679 650 732 est.
672 671 728 732 llst
739 688 832 747 porro
846 673 992 747 quiddam
1007 690 1047 732 ex
1060 674 1171 735 horum

76 815 78 819 .
125 761 265 838 partibus
286 761 437 830 iunctum,
462 757 547 831 quod
567 762 598 816 et
617 772 676 816 sua
696 757 727 815 vi
748 764 778 817 ct
792 755 938 829 dignitate
953 771 1011 816 nos
1026 757 1173 818 inductos

126 846 210 907 ducit
231 852 261 905 et
279 859 357 920 prae
372 858 408 903 se
423 842 579 916 quandam
593 840 672 915 gerit
686 839 859 914 utilitatem,
884 856 945 915 quo
961 841 1059 914 magis
1075 856 1168 916 expe

125 937 213 1003 tatur,
228 936 263 989 ut
278 927 416 999 amicitia,
431 925 515 985 bona
530 923 723 985 existimatio.
746 927 850 999 Atque
864 939 903 982 ex
914 923 963 981 his
975 922 1084 983 horum
1097 941 1170 987 con·

125 1015 220 1073 traria
234 1013 333 1086 lacile,
348 1010 521 1070 tacentibus
536 1009 643 1082 nobis,
659 1007 874 1082 intelligentur.
898 1003 969 1069 158.
991 1004 1055 1066 Sed
1068 1015 1101 1067 ut
1116 1024 1170 1068 ex-

121 1097 259 1171 peditius
271 1097 349 1156 ratio
361 1093 507 1167 tradatur,
525 1107 571 1166 ea,
591 1106 672 1167 quae
685 1092 856 1165 posuimus,
870 1090 957 1150 brevi
969 1091 1170 1152 nominabun-

124 1188 182 1240 tur.
204 1181 280 1239 Nam
295 1180 326 1239 in
341 1178 440 1255 primo
455 1192 570 1252 genere
585 1181 758 1251 quaesunt,
773 1175 906 1236 honesta
917 1173 1170 1249 appellabuntur;

126 1280 207 1339 quae
221 1271 321 1324 autem
336 1263 368 1322 in
383 1263 532 1335 seeundo,
553 1261 648 1320 utilia.
676 1261 761 1320 Haec
776 1266 878 1319 autem
892 1259 990 1331 tertia,
1013 1258 1086 1333 quia
1099 1276 1170 1334 par·

124 1356 185 1406 tem
205 1346 377 1408 honestatis
400 1346 557 1406 continent
584 1352 615 1404 et
635 1344 709 1418 quia
728 1345 826 1405 maior
847 1350 895 1403 est
913 1343 961 1402 vis
988 1341 1173 1415 honestatis,

125 1432 229 1487 iuncta
249 1445 322 1487 esse
343 1430 467 1487 omnino
489 1444 529 1485 ex
550 1428 667 1500 duplici
686 1441 801 1499 genere
822 1427 1044 1499 intelligentam
1067 1426 1171 1485 sedin

125 1513 283 1570 meliorem
296 1517 416 1584 partem
428 1508 573 1568 vocabuli
595 1509 792 1567 conterantur
812 1514 842 1567 et
862 1507 994 1568 honesta
1013 1512 1170 1569 nominen-

124 1603 182 1654 tnr.
210 1594 259 1653 Ex
278 1593 328 1652 his
348 1591 424 1651 illud
446 1590 615 1664 coniicitur,
636 1595 671 1650 ut
691 1592 935 1665 appetendarum
949 1609 1051 1652 rerum
1066 1602 1172 1668 partes

127 1681 189 1738 sint
197 1679 346 1738 honestas
358 1682 389 1734 et
399 1675 522 1749 utilitas,
534 1674 727 1734 vitandarum
737 1676 896 1751 turpitudo
909 1682 939 1735 et
950 1676 1104 1737 Inutilites.
1115 1678 1171 1738 llis
1277 1685 1278 1714 l

126 1763 217 1835 igitur
231 1762 353 1821 duabus
366 1759 461 1819 rebus
476 1773 527 1818 res
543 1758 624 1817 duae
638 1758 774 1833 grandes
789 1768 861 1820 sunt
874 1760 1044 1834 attributae,
1059 1777 1170 1829 neces·
1277 1827 1278 1832 γ

127 1846 228 1906 situdc
243 1851 275 1904 et
294 1842 443 1911 adlecti03
466 1857 595 1916 quarum
610 1842 706 1902 altera
721 1858 760 1900 ex
774 1843 820 1914 vi,
843 1846 939 1903 altera
953 1857 992 1902 ex
1007 1860 1042 1903 re
1057 1853 1087 1905 et
1101 1862 1170 1920 per-

126 1930 212 1990 sonis
228 1929 449 1988 consideratur.
474 1928 519 1986 lie
533 1932 665 2002 utraque
680 1934 755 2000 post
771 1927 906 2001 apertius
924 1929 1170 2002 perscribamus;

126 2029 207 2073 nunc
218 2011 390 2073 honestatis
400 2011 536 2071 rationes
549 2010 682 2084 primum
695 2011 894 2083 explicemus.

209 2097 284 2155 LIII.
306 2093 378 2156 159.
400 2093 490 2167 Quod
505 2100 557 2154 aut
576 2099 674 2154 totum
694 2102 746 2153 aut
767 2095 871 2169 aliqua
884 2109 923 2153 ex
939 2103 1028 2169 parte
1043 2105 1174 2172 propter

126 2195 161 2239 se
176 2180 297 2254 petitur,
318 2177 484 2238 honestum
498 2177 735 2237 nominabimus.
766 2177 875 2252 Quare,
898 2194 992 2252 quum
1007 2178 1074 2239 eius
1090 2180 1172 2241 dnae

123 2271 229 2337 partes
246 2265 314 2334 sint,
337 2278 468 2337 quarum
482 2263 577 2321 altera
592 2261 733 2335 simplex,
756 2262 853 2321 altera
866 2261 971 2321 iuncta
985 2262 1032 2334 stt,
1055 2264 1171 2338 simpli·
1276 2309 1277 2316 ,

126 2361 194 2405 cern
214 2347 301 2420 prius
323 2345 567 2405 consideremus.
594 2344 651 2402 Est
664 2345 755 2417 igitur
769 2345 799 2403 in
815 2358 852 2404 eo
868 2359 982 2419 genere
996 2359 1104 2406 omnes
1119 2362 1171 2406 res

124 2445 188 2489 una
206 2430 237 2487 vi
256 2436 349 2506 atque
368 2446 431 2489 uno
453 2428 577 2490 nondne
598 2429 742 2501 amplexa
761 2428 869 2488 virtus.
907 2428 983 2488 Nam
1004 2428 1101 2490 virtus
1124 2438 1172 2490 est
1276 2427 1277 2494 j

125 2514 219 2573 animi
242 2513 364 2574 habitus
397 2518 525 2573 naturae
557 2512 651 2572 mode
677 2518 771 2586 atque
795 2511 906 2572 rationi
932 2520 1170 2573 consentaneus.

126 2597 332 2669 Quamobrem
361 2597 504 2658 omnibus
531 2596 597 2656 eius
618 2594 757 2670 partibus
780 2595 910 2670 cognitis
950 2603 1015 2656 tota
1040 2598 1088 2655 vis
1115 2598 1172 2659 erit
1276 2621 1277 2632 ¹

126 2679 274 2755 simplicis
288 2680 459 2740 honestatis
475 2679 712 2740 consideranda.
746 2677 847 2739 Habet
860 2678 952 2752 igitur
962 2685 1066 2755 partes
1083 2687 1171 2753 quat·
1276 2695 1277 2716 ¹

124 2773 210 2823 tuor:
224 2764 430 2836 prudentiam,
443 2763 597 2836 iustitiam,
610 2761 827 2836 tortitudinem,
839 2763 1081 2836 temperantiam.
1098 2760 1169 2823 loo.

123 2846 290 2906 Prudentia
301 2853 349 2906 est
358 2861 461 2907 rerum
470 2845 812 2910 bonorumetmalarum
824 2847 1170 2920 neutrarumqueseien-

123 2932 175 2990 tia.
204 2930 311 2989 Partes
329 2931 412 2992 eius:
433 2930 589 3005 memoria,
606 2930 813 3004 intelligentia,
831 2929 1033 3005 providentia.
1053 2929 1169 2993 Merno-

125 3014 171 3073 ria
185 3021 248 3088 est,
271 3030 329 3089 per
349 3029 441 3089 quam
456 3014 576 3074 animus
591 3015 702 3089 repetit
716 3015 782 3086 illa,
805 3029 886 3087 quae
899 3014 1039 3082 dierunt3
1061 3016 1168 3075 intelli-

125 3099 243 3172 gentia,
265 3114 321 3172 per
337 3114 429 3173 quam
444 3113 482 3158 ea
496 3099 653 3173 perspicit,
676 3114 756 3173 quac
771 3105 859 3166 sunm
881 3098 1091 3174 providentia,
1112 3114 1171 3174 per

127 3198 218 3254 quam
232 3184 368 3242 luturum
383 3181 500 3257 aliquid
514 3182 634 3242 videtur
649 3190 720 3241 ante
735 3198 828 3257 quam
841 3183 954 3243 factum
969 3183 1017 3242 sit.
1050 3182 1171 3245 lustitia

126 3270 175 3323 est
187 3263 308 3326 habitus
324 3265 415 3325 animi
441 3267 594 3326 communi
608 3266 736 3326 utilitate
748 3271 931 3326 conservata
957 3282 1045 3327 suam
1057 3268 1170 3341 auique

125 3345 263 3408 tribuens
286 3349 472 3424 dignitatem.
500 3350 574 3411 Eius
596 3350 714 3409 initium
735 3357 783 3410 est
802 3350 841 3409 ab
856 3356 965 3410 natura
980 3351 1168 3424 prolectum3

126 3429 239 3490 deinde
254 3434 406 3508 quaedam
421 3433 452 3490 ln
471 3433 726 3494 consuetudInem
741 3449 781 3493 ex
795 3433 929 3493 utilitatis
945 3433 1062 3492 ratione
1075 3445 1167 3490 vene·
