<?xml version="1.0" encoding="UTF-8"?>
<!DOCTYPE html PUBLIC "-//W3C//DTD XHTML 1.0 Transitional//EN"
    "http://www.w3.org/TR/xhtml1/DTD/xhtml1-transitional.dtd">
<html xmlns="http://www.w3.org/1999/xhtml" xml:lang="en" lang="en">
 <head>
  <title>
</title>
<meta http-equiv="Content-Type" content="text/html;charset=utf-8" />
  <meta name='ocr-system' content='tesseract 3.04.00' />
  <meta name='ocr-capabilities' content='ocr_page ocr_carea ocr_par ocr_line ocrx_word'/>
</head>
<body>
  <div class='ocr_page' id='page_1' title='image "./mtulliiciceroni00friegoog_0236.png"; bbox 0 0 2575 3892; ppageno 0'>
   <div class='ocr_carea' id='block_1_1' title="bbox 128 158 1199 232">
    <p class='ocr_par' dir='ltr' id='par_1_1' title="bbox 128 158 1199 232">
     <span class='ocr_line' id='line_1_1' title="bbox 128 158 1199 232; baseline -0.013 0"><span class='ocrx_word' id='word_1_1' title='bbox 128 169 190 232; x_wconf 77' lang='lat'>186</span> <span class='ocrx_word' id='word_1_2' title='bbox 497 162 547 223; x_wconf 85' lang='lat' dir='ltr'>DE</span> <span class='ocrx_word' id='word_1_3' title='bbox 562 158 797 223; x_wconf 79' lang='lat' dir='ltr'>INVENTIONE</span> <span class='ocrx_word' id='word_1_4' title='bbox 1147 171 1199 228; x_wconf 79' lang='lat'>84</span> 
     </span>
    </p>
   </div>
   <div class='ocr_carea' id='block_1_2' title="bbox 64 307 1261 3316">
    <p class='ocr_par' dir='ltr' id='par_1_2' title="bbox 64 307 1198 1893">
     <span class='ocr_line' id='line_1_2' title="bbox 64 307 1195 394; baseline -0.007 -12"><span class='ocrx_word' id='word_1_5' title='bbox 64 374 71 391; x_wconf 75' lang='lat'>,</span> <span class='ocrx_word' id='word_1_6' title='bbox 127 320 203 381; x_wconf 84' lang='lat' dir='ltr'>nihil</span> <span class='ocrx_word' id='word_1_7' title='bbox 224 317 447 394; x_wconf 74' lang='lat' dir='ltr'>imprudenter,</span> <span class='ocrx_word' id='word_1_8' title='bbox 473 315 531 375; x_wconf 87' lang='lat' dir='ltr'>sod</span> <span class='ocrx_word' id='word_1_9' title='bbox 552 311 656 375; x_wconf 88' lang='lat' dir='ltr'>omnia</span> <span class='ocrx_word' id='word_1_10' title='bbox 670 326 711 371; x_wconf 84' lang='lat' dir='ltr'>ex</span> <span class='ocrx_word' id='word_1_11' title='bbox 725 307 904 371; x_wconf 87' lang='lat' dir='ltr'>crudelitate</span> <span class='ocrx_word' id='word_1_12' title='bbox 918 316 949 371; x_wconf 92' lang='lat' dir='ltr'>et</span> <span class='ocrx_word' id='word_1_13' title='bbox 962 307 1079 372; x_wconf 86' lang='lat' dir='ltr'>malitia</span> <span class='ocrx_word' id='word_1_14' title='bbox 1093 313 1195 375; x_wconf 84' lang='lat' dir='ltr'>lacta</span> 
     </span>
     <span class='ocr_line' id='line_1_3' title="bbox 126 391 1190 478; baseline -0.007 -13"><span class='ocrx_word' id='word_1_15' title='bbox 126 404 225 474; x_wconf 73' lang='lat' dir='ltr'>dicet,</span> <span class='ocrx_word' id='word_1_16' title='bbox 240 403 342 478; x_wconf 88' lang='lat' dir='ltr'>ipsum</span> <span class='ocrx_word' id='word_1_17' title='bbox 353 397 636 469; x_wconf 81' lang='lat' dir='ltr'>immisericordem,</span> <span class='ocrx_word' id='word_1_18' title='bbox 650 395 818 471; x_wconf 87' lang='lat' dir='ltr'>superbum</span> <span class='ocrx_word' id='word_1_19' title='bbox 829 392 942 465; x_wconf 85' lang='lat' dir='ltr'>luisse;</span> <span class='ocrx_word' id='word_1_20' title='bbox 959 401 998 468; x_wconf 92' lang='lat' dir='ltr'>et,</span> <span class='ocrx_word' id='word_1_21' title='bbox 1011 391 1037 454; x_wconf 90' lang='lat' dir='ltr'>si</span> <span class='ocrx_word' id='word_1_22' title='bbox 1050 396 1190 472; x_wconf 86' lang='lat' dir='ltr'>poterit,</span> 
     </span>
     <span class='ocr_line' id='line_1_4' title="bbox 128 476 1188 560; baseline -0.007 -12"><span class='ocrx_word' id='word_1_23' title='bbox 128 488 271 548; x_wconf 87' lang='lat' dir='ltr'>ostendet</span> <span class='ocrx_word' id='word_1_24' title='bbox 283 500 408 560; x_wconf 83' lang='lat' dir='ltr'>semper</span> <span class='ocrx_word' id='word_1_25' title='bbox 422 480 577 543; x_wconf 89' lang='lat' dir='ltr'>inimicum</span> <span class='ocrx_word' id='word_1_26' title='bbox 591 481 689 541; x_wconf 86' lang='lat' dir='ltr'>luisse</span> <span class='ocrx_word' id='word_1_27' title='bbox 705 487 735 540; x_wconf 92' lang='lat' dir='ltr'>et</span> <span class='ocrx_word' id='word_1_28' title='bbox 749 476 882 538; x_wconf 89' lang='lat' dir='ltr'>amicum</span> <span class='ocrx_word' id='word_1_29' title='bbox 896 476 964 539; x_wconf 84' lang='lat' dir='ltr'>fieri</span> <span class='ocrx_word' id='word_1_30' title='bbox 978 481 1063 540; x_wconf 92' lang='lat' dir='ltr'>nullo</span> <span class='ocrx_word' id='word_1_31' title='bbox 1079 482 1188 541; x_wconf 90' lang='lat' dir='ltr'>modo</span> 
     </span>
     <span class='ocr_line' id='line_1_5' title="bbox 126 561 1187 647; baseline -0.008 -15"><span class='ocrx_word' id='word_1_32' title='bbox 126 586 234 647; x_wconf 89' lang='lat' dir='ltr'>posse.</span> <span class='ocrx_word' id='word_1_33' title='bbox 271 569 304 630; x_wconf 89' lang='lat' dir='ltr'>Si</span> <span class='ocrx_word' id='word_1_34' title='bbox 318 566 471 630; x_wconf 83' lang='lat' dir='ltr'>beneficia</span> <span class='ocrx_word' id='word_1_35' title='bbox 484 567 630 643; x_wconf 82' lang='lat' dir='ltr'>proteret,</span> <span class='ocrx_word' id='word_1_36' title='bbox 652 571 705 624; x_wconf 91' lang='lat' dir='ltr'>aut</span> <span class='ocrx_word' id='word_1_37' title='bbox 718 561 823 638; x_wconf 86' lang='lat' dir='ltr'>aliqua</span> <span class='ocrx_word' id='word_1_38' title='bbox 838 562 877 622; x_wconf 92' lang='lat' dir='ltr'>de</span> <span class='ocrx_word' id='word_1_39' title='bbox 893 577 989 625; x_wconf 86' lang='lat' dir='ltr'>causa</span> <span class='ocrx_word' id='word_1_40' title='bbox 1004 564 1095 637; x_wconf 86' lang='lat' dir='ltr'>lacta,</span> <span class='ocrx_word' id='word_1_41' title='bbox 1114 581 1187 626; x_wconf 91' lang='lat' dir='ltr'>non</span> 
     </span>
     <span class='ocr_line' id='line_1_6' title="bbox 127 645 1184 730; baseline -0.006 -15"><span class='ocrx_word' id='word_1_42' title='bbox 127 663 256 730; x_wconf 89' lang='lat' dir='ltr'>propter</span> <span class='ocrx_word' id='word_1_43' title='bbox 269 650 518 714; x_wconf 84' lang='lat' dir='ltr'>benevolentiam</span> <span class='ocrx_word' id='word_1_44' title='bbox 533 645 765 720; x_wconf 83' lang='lat' dir='ltr'>demonstrabit,</span> <span class='ocrx_word' id='word_1_45' title='bbox 786 654 839 709; x_wconf 89' lang='lat' dir='ltr'>aut</span> <span class='ocrx_word' id='word_1_46' title='bbox 852 653 964 722; x_wconf 88' lang='lat' dir='ltr'>postca</span> <span class='ocrx_word' id='word_1_47' title='bbox 980 645 1086 707; x_wconf 90' lang='lat' dir='ltr'>odium</span> <span class='ocrx_word' id='word_1_48' title='bbox 1102 664 1184 709; x_wconf 88' lang='lat' dir='ltr'>esse</span> 
     </span>
     <span class='ocr_line' id='line_1_7' title="bbox 128 729 1183 812; baseline -0.005 -14"><span class='ocrx_word' id='word_1_49' title='bbox 128 755 200 800; x_wconf 90' lang='lat' dir='ltr'>acre</span> <span class='ocrx_word' id='word_1_50' title='bbox 216 745 405 812; x_wconf 87' lang='lat' dir='ltr'>susceptum,</span> <span class='ocrx_word' id='word_1_51' title='bbox 420 743 472 795; x_wconf 89' lang='lat' dir='ltr'>aut</span> <span class='ocrx_word' id='word_1_52' title='bbox 486 734 539 794; x_wconf 90' lang='lat' dir='ltr'>illa</span> <span class='ocrx_word' id='word_1_53' title='bbox 553 732 658 794; x_wconf 88' lang='lat' dir='ltr'>omnia</span> <span class='ocrx_word' id='word_1_54' title='bbox 671 729 831 791; x_wconf 85' lang='lat' dir='ltr'>maleficiis</span> <span class='ocrx_word' id='word_1_55' title='bbox 847 746 919 790; x_wconf 87' lang='lat' dir='ltr'>esse</span> <span class='ocrx_word' id='word_1_56' title='bbox 935 731 1047 803; x_wconf 86' lang='lat' dir='ltr'>deletu,</span> <span class='ocrx_word' id='word_1_57' title='bbox 1063 739 1120 793; x_wconf 86' lang='lat' dir='ltr'>aut</span> <span class='ocrx_word' id='word_1_58' title='bbox 1136 734 1183 793; x_wconf 88' lang='lat' dir='ltr'>le-</span> 
     </span>
     <span class='ocr_line' id='line_1_8' title="bbox 126 813 1181 893; baseline -0.005 -11"><span class='ocrx_word' id='word_1_59' title='bbox 126 820 215 882; x_wconf 90' lang='lat' dir='ltr'>viora</span> <span class='ocrx_word' id='word_1_60' title='bbox 234 819 387 881; x_wconf 86' lang='lat' dir='ltr'>beneficia</span> <span class='ocrx_word' id='word_1_61' title='bbox 409 835 500 893; x_wconf 88' lang='lat' dir='ltr'>quam</span> <span class='ocrx_word' id='word_1_62' title='bbox 515 816 676 889; x_wconf 85' lang='lat' dir='ltr'>maleficia,</span> <span class='ocrx_word' id='word_1_63' title='bbox 691 822 758 888; x_wconf 90' lang='lat' dir='ltr'>aut,</span> <span class='ocrx_word' id='word_1_64' title='bbox 786 830 880 889; x_wconf 91' lang='lat' dir='ltr'>quum</span> <span class='ocrx_word' id='word_1_65' title='bbox 894 813 1055 875; x_wconf 86' lang='lat' dir='ltr'>beneficiis</span> <span class='ocrx_word' id='word_1_66' title='bbox 1071 814 1181 878; x_wconf 86' lang='lat' dir='ltr'>honos</span> 
     </span>
     <span class='ocr_line' id='line_1_9' title="bbox 126 895 1180 979; baseline -0.003 -15"><span class='ocrx_word' id='word_1_67' title='bbox 126 904 250 967; x_wconf 87' lang='lat' dir='ltr'>habitus</span> <span class='ocrx_word' id='word_1_68' title='bbox 272 904 326 978; x_wconf 89' lang='lat' dir='ltr'>sit,</span> <span class='ocrx_word' id='word_1_69' title='bbox 352 919 410 979; x_wconf 91' lang='lat' dir='ltr'>pro</span> <span class='ocrx_word' id='word_1_70' title='bbox 425 901 577 963; x_wconf 85' lang='lat' dir='ltr'>maleficio</span> <span class='ocrx_word' id='word_1_71' title='bbox 592 916 727 977; x_wconf 89' lang='lat' dir='ltr'>poenam</span> <span class='ocrx_word' id='word_1_72' title='bbox 742 895 823 960; x_wconf 88' lang='lat' dir='ltr'>sumi</span> <span class='ocrx_word' id='word_1_73' title='bbox 837 906 991 973; x_wconf 77' lang='lat' dir='ltr'>oportere.</span> <span class='ocrx_word' id='word_1_74' title='bbox 1025 895 1097 961; x_wconf 85' lang='lat'>109.</span> <span class='ocrx_word' id='word_1_75' title='bbox 1114 901 1180 961; x_wconf 88' lang='lat' dir='ltr'>De·</span> 
     </span>
     <span class='ocr_line' id='line_1_10' title="bbox 127 981 1179 1065; baseline -0.003 -17"><span class='ocrx_word' id='word_1_76' title='bbox 127 988 200 1049; x_wconf 85' lang='lat' dir='ltr'>iude</span> <span class='ocrx_word' id='word_1_77' title='bbox 214 997 305 1065; x_wconf 90' lang='lat' dir='ltr'>turpe</span> <span class='ocrx_word' id='word_1_78' title='bbox 320 1002 392 1049; x_wconf 89' lang='lat' dir='ltr'>esse</span> <span class='ocrx_word' id='word_1_79' title='bbox 406 993 459 1047; x_wconf 89' lang='lat' dir='ltr'>aut</span> <span class='ocrx_word' id='word_1_80' title='bbox 472 985 578 1046; x_wconf 90' lang='lat' dir='ltr'>inutile</span> <span class='ocrx_word' id='word_1_81' title='bbox 592 982 724 1060; x_wconf 77' lang='lat' dir='ltr'>ignosci.</span> <span class='ocrx_word' id='word_1_82' title='bbox 759 981 888 1056; x_wconf 87' lang='lat' dir='ltr'>Deinde,</span> <span class='ocrx_word' id='word_1_83' title='bbox 903 983 943 1044; x_wconf 93' lang='lat' dir='ltr'>de</span> <span class='ocrx_word' id='word_1_84' title='bbox 959 998 1021 1058; x_wconf 90' lang='lat' dir='ltr'>quo</span> <span class='ocrx_word' id='word_1_85' title='bbox 1035 989 1070 1045; x_wconf 91' lang='lat' dir='ltr'>ut</span> <span class='ocrx_word' id='word_1_86' title='bbox 1084 993 1179 1059; x_wconf 88' lang='lat' dir='ltr'>pote·</span> 
     </span>
     <span class='ocr_line' id='line_1_11' title="bbox 127 1066 1198 1148; baseline -0.003 -16"><span class='ocrx_word' id='word_1_87' title='bbox 127 1081 193 1132; x_wconf 86' lang='lat' dir='ltr'>stas</span> <span class='ocrx_word' id='word_1_88' title='bbox 208 1081 294 1134; x_wconf 88' lang='lat' dir='ltr'>esset</span> <span class='ocrx_word' id='word_1_89' title='bbox 308 1086 405 1148; x_wconf 83' lang='lat' dir='ltr'>saepe</span> <span class='ocrx_word' id='word_1_90' title='bbox 420 1070 563 1147; x_wconf 88' lang='lat' dir='ltr'>optarint,</span> <span class='ocrx_word' id='word_1_91' title='bbox 583 1069 615 1128; x_wconf 90' lang='lat' dir='ltr'>iu</span> <span class='ocrx_word' id='word_1_92' title='bbox 630 1084 701 1130; x_wconf 89' lang='lat' dir='ltr'>eum</span> <span class='ocrx_word' id='word_1_93' title='bbox 716 1074 870 1144; x_wconf 81' lang='lat' dir='ltr'>potestate</span> <span class='ocrx_word' id='word_1_94' title='bbox 885 1084 948 1129; x_wconf 89' lang='lat' dir='ltr'>uon</span> <span class='ocrx_word' id='word_1_95' title='bbox 962 1066 1006 1129; x_wconf 90' lang='lat' dir='ltr'>uti</span> <span class='ocrx_word' id='word_1_96' title='bbox 1020 1084 1198 1139; x_wconf 77' lang='lat' dir='ltr'>summam,</span> 
     </span>
     <span class='ocr_line' id='line_1_12' title="bbox 127 1151 1180 1230; baseline -0.002 -14"><span class='ocrx_word' id='word_1_97' title='bbox 127 1172 201 1217; x_wconf 86' lang='lat' dir='ltr'>esse</span> <span class='ocrx_word' id='word_1_98' title='bbox 216 1155 389 1227; x_wconf 72' lang='lat' dir='ltr'>stultitiam,</span> <span class='ocrx_word' id='word_1_99' title='bbox 416 1154 553 1230; x_wconf 87' lang='lat' dir='ltr'>cogitare</span> <span class='ocrx_word' id='word_1_100' title='bbox 568 1162 730 1227; x_wconf 86' lang='lat' dir='ltr'>oportere,</span> <span class='ocrx_word' id='word_1_101' title='bbox 756 1166 848 1225; x_wconf 90' lang='lat' dir='ltr'>quem</span> <span class='ocrx_word' id='word_1_102' title='bbox 862 1151 997 1213; x_wconf 89' lang='lat' dir='ltr'>animum</span> <span class='ocrx_word' id='word_1_103' title='bbox 1009 1151 1041 1211; x_wconf 90' lang='lat' dir='ltr'>in</span> <span class='ocrx_word' id='word_1_104' title='bbox 1055 1168 1130 1214; x_wconf 91' lang='lat' dir='ltr'>eum</span> <span class='ocrx_word' id='word_1_105' title='bbox 1146 1162 1180 1214; x_wconf 92' lang='lat' dir='ltr'>et</span> 
     </span>
     <span class='ocr_line' id='line_1_13' title="bbox 128 1233 1179 1314; baseline -0.003 -14"><span class='ocrx_word' id='word_1_106' title='bbox 128 1240 220 1314; x_wconf 88' lang='lat' dir='ltr'>quale</span> <span class='ocrx_word' id='word_1_107' title='bbox 242 1238 348 1300; x_wconf 89' lang='lat' dir='ltr'>odium</span> <span class='ocrx_word' id='word_1_108' title='bbox 367 1235 540 1298; x_wconf 80' lang='lat' dir='ltr'>habuerint.</span> <span class='ocrx_word' id='word_1_109' title='bbox 575 1236 679 1296; x_wconf 90' lang='lat' dir='ltr'>Locus</span> <span class='ocrx_word' id='word_1_110' title='bbox 699 1242 802 1296; x_wconf 89' lang='lat' dir='ltr'>aulem</span> <span class='ocrx_word' id='word_1_111' title='bbox 822 1235 993 1297; x_wconf 89' lang='lat' dir='ltr'>communis</span> <span class='ocrx_word' id='word_1_112' title='bbox 1013 1233 1070 1296; x_wconf 92' lang='lat' dir='ltr'>erit</span> <span class='ocrx_word' id='word_1_113' title='bbox 1091 1234 1179 1297; x_wconf 88' lang='lat' dir='ltr'>indi-</span> 
     </span>
     <span class='ocr_line' id='line_1_14' title="bbox 126 1317 1180 1398; baseline -0.001 -17"><span class='ocrx_word' id='word_1_114' title='bbox 126 1320 230 1398; x_wconf 85' lang='lat' dir='ltr'>gnatio</span> <span class='ocrx_word' id='word_1_115' title='bbox 245 1320 389 1381; x_wconf 85' lang='lat' dir='ltr'>maleficii</span> <span class='ocrx_word' id='word_1_116' title='bbox 402 1328 434 1381; x_wconf 92' lang='lat' dir='ltr'>et</span> <span class='ocrx_word' id='word_1_117' title='bbox 448 1322 525 1381; x_wconf 89' lang='lat' dir='ltr'>alter</span> <span class='ocrx_word' id='word_1_118' title='bbox 536 1336 643 1380; x_wconf 90' lang='lat' dir='ltr'>eorum</span> <span class='ocrx_word' id='word_1_119' title='bbox 655 1317 794 1379; x_wconf 88' lang='lat' dir='ltr'>misereri</span> <span class='ocrx_word' id='word_1_120' title='bbox 807 1327 959 1393; x_wconf 92' lang='lat' dir='ltr'>oportere,</span> <span class='ocrx_word' id='word_1_121' title='bbox 975 1317 1026 1393; x_wconf 90' lang='lat' dir='ltr'>qui</span> <span class='ocrx_word' id='word_1_122' title='bbox 1037 1328 1180 1393; x_wconf 87' lang='lat' dir='ltr'>propter</span> 
     </span>
     <span class='ocr_line' id='line_1_15' title="bbox 127 1400 1179 1480; baseline -0.001 -16"><span class='ocrx_word' id='word_1_123' title='bbox 127 1407 296 1476; x_wconf 85' lang='lat' dir='ltr'>lortuuam,</span> <span class='ocrx_word' id='word_1_124' title='bbox 323 1420 385 1464; x_wconf 88' lang='lat' dir='ltr'>non</span> <span class='ocrx_word' id='word_1_125' title='bbox 406 1412 534 1480; x_wconf 84' lang='lat' dir='ltr'>propter</span> <span class='ocrx_word' id='word_1_126' title='bbox 554 1402 700 1463; x_wconf 88' lang='lat' dir='ltr'>malitiam</span> <span class='ocrx_word' id='word_1_127' title='bbox 721 1402 753 1462; x_wconf 88' lang='lat' dir='ltr'>in</span> <span class='ocrx_word' id='word_1_128' title='bbox 767 1400 901 1463; x_wconf 88' lang='lat' dir='ltr'>miseriis</span> <span class='ocrx_word' id='word_1_129' title='bbox 918 1401 984 1464; x_wconf 84' lang='lat' dir='ltr'>siut.</span> <span class='ocrx_word' id='word_1_130' title='bbox 1014 1400 1179 1474; x_wconf 78' lang='lat' dir='ltr'>Quoniam</span> 
     </span>
     <span class='ocr_line' id='line_1_16' title="bbox 127 1484 1177 1564; baseline -0.003 -15"><span class='ocrx_word' id='word_1_131' title='bbox 127 1505 202 1564; x_wconf 88' lang='lat' dir='ltr'>ergo</span> <span class='ocrx_word' id='word_1_132' title='bbox 223 1487 255 1548; x_wconf 91' lang='lat' dir='ltr'>in</span> <span class='ocrx_word' id='word_1_133' title='bbox 276 1487 414 1563; x_wconf 87' lang='lat' dir='ltr'>generali</span> <span class='ocrx_word' id='word_1_134' title='bbox 435 1486 655 1550; x_wconf 87' lang='lat' dir='ltr'>constitutione</span> <span class='ocrx_word' id='word_1_135' title='bbox 675 1484 792 1547; x_wconf 87' lang='lat' dir='ltr'>tamdiu</span> <span class='ocrx_word' id='word_1_136' title='bbox 812 1494 942 1561; x_wconf 87' lang='lat' dir='ltr'>propter</span> <span class='ocrx_word' id='word_1_137' title='bbox 955 1484 1021 1547; x_wconf 89' lang='lat' dir='ltr'>eius</span> <span class='ocrx_word' id='word_1_138' title='bbox 1036 1485 1177 1560; x_wconf 89' lang='lat' dir='ltr'>partium</span> 
     </span>
     <span class='ocr_line' id='line_1_17' title="bbox 126 1567 1172 1643; baseline -0.003 -10"><span class='ocrx_word' id='word_1_139' title='bbox 126 1572 351 1633; x_wconf 89' lang='lat' dir='ltr'>multitudinem</span> <span class='ocrx_word' id='word_1_140' title='bbox 366 1588 606 1643; x_wconf 89' lang='lat' dir='ltr'>commoramur,</span> <span class='ocrx_word' id='word_1_141' title='bbox 627 1586 668 1631; x_wconf 88' lang='lat' dir='ltr'>ne</span> <span class='ocrx_word' id='word_1_142' title='bbox 683 1571 762 1632; x_wconf 86' lang='lat' dir='ltr'>lorte</span> <span class='ocrx_word' id='word_1_143' title='bbox 775 1570 923 1630; x_wconf 85' lang='lat' dir='ltr'>varietate</span> <span class='ocrx_word' id='word_1_144' title='bbox 938 1579 969 1631; x_wconf 87' lang='lat' dir='ltr'>et</span> <span class='ocrx_word' id='word_1_145' title='bbox 982 1567 1172 1631; x_wconf 88' lang='lat' dir='ltr'>dissimilitu-</span> 
     </span>
     <span class='ocr_line' id='line_1_18' title="bbox 127 1651 1174 1729; baseline -0.002 -13"><span class='ocrx_word' id='word_1_146' title='bbox 127 1656 199 1716; x_wconf 91' lang='lat' dir='ltr'>dine</span> <span class='ocrx_word' id='word_1_147' title='bbox 220 1672 323 1717; x_wconf 88' lang='lat' dir='ltr'>rerum</span> <span class='ocrx_word' id='word_1_148' title='bbox 343 1654 489 1717; x_wconf 89' lang='lat' dir='ltr'>diductus</span> <span class='ocrx_word' id='word_1_149' title='bbox 509 1654 640 1715; x_wconf 89' lang='lat' dir='ltr'>alicuius</span> <span class='ocrx_word' id='word_1_150' title='bbox 660 1655 782 1716; x_wconf 89' lang='lat' dir='ltr'>animus</span> <span class='ocrx_word' id='word_1_151' title='bbox 801 1651 833 1713; x_wconf 86' lang='lat' dir='ltr'>in</span> <span class='ocrx_word' id='word_1_152' title='bbox 855 1653 1010 1729; x_wconf 86' lang='lat' dir='ltr'>quendam</span> <span class='ocrx_word' id='word_1_153' title='bbox 1034 1668 1174 1715; x_wconf 87' lang='lat' dir='ltr'>errorem</span> 
     </span>
     <span class='ocr_line' id='line_1_19' title="bbox 127 1738 1174 1812; baseline 0 -14"><span class='ocrx_word' id='word_1_154' title='bbox 127 1739 298 1811; x_wconf 87' lang='lat' dir='ltr'>deleratur,</span> <span class='ocrx_word' id='word_1_155' title='bbox 326 1738 401 1812; x_wconf 90' lang='lat' dir='ltr'>quid</span> <span class='ocrx_word' id='word_1_156' title='bbox 422 1739 514 1799; x_wconf 86' lang='lat' dir='ltr'>etiam</span> <span class='ocrx_word' id='word_1_157' title='bbox 534 1738 625 1797; x_wconf 87' lang='lat' dir='ltr'>nobis</span> <span class='ocrx_word' id='word_1_158' title='bbox 646 1754 745 1799; x_wconf 88' lang='lat' dir='ltr'>exeo</span> <span class='ocrx_word' id='word_1_159' title='bbox 767 1752 881 1812; x_wconf 79' lang='lat' dir='ltr'>genere</span> <span class='ocrx_word' id='word_1_160' title='bbox 901 1745 998 1798; x_wconf 88' lang='lat' dir='ltr'>restet</span> <span class='ocrx_word' id='word_1_161' title='bbox 1018 1744 1049 1798; x_wconf 91' lang='lat' dir='ltr'>et</span> <span class='ocrx_word' id='word_1_162' title='bbox 1074 1753 1174 1812; x_wconf 84' lang='lat' dir='ltr'>quare</span> 
     </span>
     <span class='ocr_line' id='line_1_20' title="bbox 126 1820 619 1893; baseline -0.006 -13"><span class='ocrx_word' id='word_1_163' title='bbox 126 1829 230 1893; x_wconf 89' lang='lat' dir='ltr'>restet,</span> <span class='ocrx_word' id='word_1_164' title='bbox 247 1822 474 1883; x_wconf 87' lang='lat' dir='ltr'>admonendum</span> <span class='ocrx_word' id='word_1_165' title='bbox 488 1820 619 1881; x_wconf 86' lang='lat' dir='ltr'>videtur.</span> 
     </span>
    </p>

    <p class='ocr_par' dir='ltr' id='par_1_3' title="bbox 124 1901 1261 3316">
     <span class='ocr_line' id='line_1_21' title="bbox 208 1901 1174 1979; baseline -0.001 -14"><span class='ocrx_word' id='word_1_166' title='bbox 208 1904 412 1965; x_wconf 79' lang='lat' dir='ltr'>Iuridicialem</span> <span class='ocrx_word' id='word_1_167' title='bbox 433 1921 560 1966; x_wconf 89' lang='lat' dir='ltr'>causam</span> <span class='ocrx_word' id='word_1_168' title='bbox 581 1919 655 1964; x_wconf 88' lang='lat' dir='ltr'>esse</span> <span class='ocrx_word' id='word_1_169' title='bbox 675 1902 869 1977; x_wconf 75' lang='lat' dir='ltr'>dicebamuS,</span> <span class='ocrx_word' id='word_1_170' title='bbox 895 1901 926 1962; x_wconf 87' lang='lat' dir='ltr'>in</span> <span class='ocrx_word' id='word_1_171' title='bbox 948 1918 1011 1977; x_wconf 88' lang='lat' dir='ltr'>qua</span> <span class='ocrx_word' id='word_1_172' title='bbox 1030 1902 1123 1979; x_wconf 90' lang='lat' dir='ltr'>aequi</span> <span class='ocrx_word' id='word_1_173' title='bbox 1142 1911 1174 1965; x_wconf 90' lang='lat' dir='ltr'>et</span> 
     </span>
     <span class='ocr_line' id='line_1_22' title="bbox 127 1986 1172 2062; baseline 0 -16"><span class='ocrx_word' id='word_1_174' title='bbox 127 1986 224 2062; x_wconf 88' lang='lat' dir='ltr'>iniqui</span> <span class='ocrx_word' id='word_1_175' title='bbox 244 1996 354 2048; x_wconf 88' lang='lat' dir='ltr'>natura</span> <span class='ocrx_word' id='word_1_176' title='bbox 375 1996 406 2047; x_wconf 91' lang='lat' dir='ltr'>et</span> <span class='ocrx_word' id='word_1_177' title='bbox 426 1987 555 2062; x_wconf 87' lang='lat' dir='ltr'>praemii</span> <span class='ocrx_word' id='word_1_178' title='bbox 569 1994 621 2047; x_wconf 84' lang='lat' dir='ltr'>aut</span> <span class='ocrx_word' id='word_1_179' title='bbox 635 2002 757 2062; x_wconf 89' lang='lat' dir='ltr'>poenae</span> <span class='ocrx_word' id='word_1_180' title='bbox 771 1986 849 2047; x_wconf 89' lang='lat' dir='ltr'>ratio</span> <span class='ocrx_word' id='word_1_181' title='bbox 866 1995 1076 2062; x_wconf 70' lang='lat' dir='ltr'>quaereretur·</span> <span class='ocrx_word' id='word_1_182' title='bbox 1108 1987 1172 2046; x_wconf 84' lang='lat' dir='ltr'>Eas</span> 
     </span>
     <span class='ocr_line' id='line_1_23' title="bbox 127 2069 1171 2146; baseline -0.001 -16"><span class='ocrx_word' id='word_1_183' title='bbox 127 2086 250 2142; x_wconf 76' lang='lat' dir='ltr'>causeo,</span> <span class='ocrx_word' id='word_1_184' title='bbox 266 2071 297 2131; x_wconf 90' lang='lat' dir='ltr'>iu</span> <span class='ocrx_word' id='word_1_185' title='bbox 314 2069 426 2146; x_wconf 87' lang='lat' dir='ltr'>quibus</span> <span class='ocrx_word' id='word_1_186' title='bbox 442 2072 482 2133; x_wconf 91' lang='lat' dir='ltr'>de</span> <span class='ocrx_word' id='word_1_187' title='bbox 496 2087 597 2145; x_wconf 86' lang='lat' dir='ltr'>aequo</span> <span class='ocrx_word' id='word_1_188' title='bbox 613 2078 644 2131; x_wconf 90' lang='lat' dir='ltr'>el</span> <span class='ocrx_word' id='word_1_189' title='bbox 654 2069 760 2145; x_wconf 88' lang='lat' dir='ltr'>iniquo</span> <span class='ocrx_word' id='word_1_190' title='bbox 775 2069 939 2146; x_wconf 84' lang='lat' dir='ltr'>quaerimr,</span> <span class='ocrx_word' id='word_1_191' title='bbox 956 2069 1171 2145; x_wconf 85' lang='lat' dir='ltr'>exposuimus.</span> 
     </span>
     <span class='ocr_line' id='line_1_24' title="bbox 125 2152 1171 2230; baseline 0 -15"><span class='ocrx_word' id='word_1_192' title='bbox 125 2153 275 2215; x_wconf 87' lang='lat' dir='ltr'>XXXVII.</span> <span class='ocrx_word' id='word_1_193' title='bbox 298 2152 370 2216; x_wconf 89' lang='grc'><strong>110.</strong></span> <span class='ocrx_word' id='word_1_194' title='bbox 392 2154 499 2215; x_wconf 84' lang='lat' dir='ltr'>Restat</span> <span class='ocrx_word' id='word_1_195' title='bbox 518 2171 613 2226; x_wconf 91' lang='lat' dir='ltr'>nunc,</span> <span class='ocrx_word' id='word_1_196' title='bbox 639 2162 673 2216; x_wconf 93' lang='lat' dir='ltr'>ut</span> <span class='ocrx_word' id='word_1_197' title='bbox 694 2154 733 2214; x_wconf 91' lang='lat' dir='ltr'>de</span> <span class='ocrx_word' id='word_1_198' title='bbox 748 2153 884 2229; x_wconf 87' lang='lat' dir='ltr'>praemio</span> <span class='ocrx_word' id='word_1_199' title='bbox 900 2162 931 2214; x_wconf 90' lang='lat' dir='ltr'>et</span> <span class='ocrx_word' id='word_1_200' title='bbox 945 2154 985 2214; x_wconf 92' lang='lat' dir='ltr'>de</span> <span class='ocrx_word' id='word_1_201' title='bbox 999 2169 1103 2230; x_wconf 89' lang='lat' dir='ltr'>poena</span> <span class='ocrx_word' id='word_1_202' title='bbox 1117 2172 1171 2215; x_wconf 86' lang='lat' dir='ltr'>ex-</span> 
     </span>
     <span class='ocr_line' id='line_1_25' title="bbox 126 2237 1169 2314; baseline -0.001 -17"><span class='ocrx_word' id='word_1_203' title='bbox 126 2238 289 2313; x_wconf 86' lang='lat' dir='ltr'>plicemus.</span> <span class='ocrx_word' id='word_1_204' title='bbox 325 2238 405 2301; x_wconf 90' lang='lat' dir='ltr'>Sunt</span> <span class='ocrx_word' id='word_1_205' title='bbox 424 2238 506 2300; x_wconf 90' lang='lat' dir='ltr'>enim</span> <span class='ocrx_word' id='word_1_206' title='bbox 526 2240 638 2300; x_wconf 84' lang='lat' dir='ltr'>multae</span> <span class='ocrx_word' id='word_1_207' title='bbox 660 2254 790 2311; x_wconf 90' lang='lat' dir='ltr'>causae,</span> <span class='ocrx_word' id='word_1_208' title='bbox 815 2254 895 2314; x_wconf 90' lang='lat' dir='ltr'>quae</span> <span class='ocrx_word' id='word_1_209' title='bbox 917 2254 958 2297; x_wconf 88' lang='lat' dir='ltr'>ex</span> <span class='ocrx_word' id='word_1_210' title='bbox 971 2237 1102 2313; x_wconf 87' lang='lat' dir='ltr'>praemii</span> <span class='ocrx_word' id='word_1_211' title='bbox 1115 2237 1169 2297; x_wconf 75' lang='lat' dir='ltr'>ali-</span> 
     </span>
     <span class='ocr_line' id='line_1_26' title="bbox 127 2320 1170 2398; baseline 0.001 -16"><span class='ocrx_word' id='word_1_212' title='bbox 127 2321 215 2383; x_wconf 89' lang='lat' dir='ltr'>cuius</span> <span class='ocrx_word' id='word_1_213' title='bbox 240 2322 387 2398; x_wconf 90' lang='lat' dir='ltr'>petitione</span> <span class='ocrx_word' id='word_1_214' title='bbox 407 2330 559 2384; x_wconf 87' lang='lat' dir='ltr'>constant.</span> <span class='ocrx_word' id='word_1_215' title='bbox 594 2322 671 2382; x_wconf 88' lang='lat' dir='ltr'>Nam</span> <span class='ocrx_word' id='word_1_216' title='bbox 692 2330 723 2383; x_wconf 90' lang='lat' dir='ltr'>et</span> <span class='ocrx_word' id='word_1_217' title='bbox 742 2323 827 2397; x_wconf 86' lang='lat' dir='ltr'>apud</span> <span class='ocrx_word' id='word_1_218' title='bbox 840 2320 960 2382; x_wconf 88' lang='lat' dir='ltr'>iudices</span> <span class='ocrx_word' id='word_1_219' title='bbox 976 2321 1016 2381; x_wconf 93' lang='lat' dir='ltr'>de</span> <span class='ocrx_word' id='word_1_220' title='bbox 1030 2321 1170 2396; x_wconf 88' lang='lat' dir='ltr'>praemio</span> 
     </span>
     <span class='ocr_line' id='line_1_27' title="bbox 125 2403 1170 2482; baseline 0 -17"><span class='ocrx_word' id='word_1_221' title='bbox 125 2422 222 2482; x_wconf 88' lang='lat' dir='ltr'>saepe</span> <span class='ocrx_word' id='word_1_222' title='bbox 243 2416 460 2468; x_wconf 88' lang='lat' dir='ltr'>accusatorum</span> <span class='ocrx_word' id='word_1_223' title='bbox 480 2405 637 2481; x_wconf 88' lang='lat' dir='ltr'>quaeritur</span> <span class='ocrx_word' id='word_1_224' title='bbox 657 2414 688 2466; x_wconf 93' lang='lat' dir='ltr'>et</span> <span class='ocrx_word' id='word_1_225' title='bbox 707 2422 727 2465; x_wconf 89' lang='lat' dir='ltr'>a</span> <span class='ocrx_word' id='word_1_226' title='bbox 746 2414 856 2467; x_wconf 84' lang='lat' dir='ltr'>senatu</span> <span class='ocrx_word' id='word_1_227' title='bbox 869 2411 921 2466; x_wconf 88' lang='lat' dir='ltr'>aut</span> <span class='ocrx_word' id='word_1_228' title='bbox 934 2421 953 2464; x_wconf 94' lang='lat' dir='ltr'>a</span> <span class='ocrx_word' id='word_1_229' title='bbox 968 2403 1098 2466; x_wconf 87' lang='lat' dir='ltr'>consilio</span> <span class='ocrx_word' id='word_1_230' title='bbox 1114 2405 1170 2465; x_wconf 87' lang='lat' dir='ltr'>ali-</span> 
     </span>
     <span class='ocr_line' id='line_1_28' title="bbox 127 2487 1171 2564; baseline -0.003 -15"><span class='ocrx_word' id='word_1_231' title='bbox 127 2490 212 2563; x_wconf 88' lang='lat' dir='ltr'>quod</span> <span class='ocrx_word' id='word_1_232' title='bbox 226 2489 398 2563; x_wconf 90' lang='lat' dir='ltr'>praemium</span> <span class='ocrx_word' id='word_1_233' title='bbox 413 2504 510 2563; x_wconf 90' lang='lat' dir='ltr'>saepe</span> <span class='ocrx_word' id='word_1_234' title='bbox 524 2488 647 2564; x_wconf 89' lang='lat' dir='ltr'>petitur.</span> <span class='ocrx_word' id='word_1_235' title='bbox 681 2490 728 2547; x_wconf 92' lang='lat' dir='ltr'>Ac</span> <span class='ocrx_word' id='word_1_236' title='bbox 744 2489 897 2551; x_wconf 89' lang='lat' dir='ltr'>nemiuem</span> <span class='ocrx_word' id='word_1_237' title='bbox 912 2487 1074 2551; x_wconf 88' lang='lat' dir='ltr'>conveniet</span> <span class='ocrx_word' id='word_1_238' title='bbox 1086 2487 1171 2546; x_wconf 88' lang='lat' dir='ltr'>arbi-</span> 
     </span>
     <span class='ocr_line' id='line_1_29' title="bbox 125 2569 1171 2649; baseline 0.001 -18"><span class='ocrx_word' id='word_1_239' title='bbox 125 2571 198 2631; x_wconf 87' lang='lat' dir='ltr'>trari</span> <span class='ocrx_word' id='word_1_240' title='bbox 212 2587 281 2644; x_wconf 89' lang='lat' dir='ltr'>nos,</span> <span class='ocrx_word' id='word_1_241' title='bbox 297 2587 392 2646; x_wconf 90' lang='lat' dir='ltr'>quum</span> <span class='ocrx_word' id='word_1_242' title='bbox 406 2569 533 2647; x_wconf 86' lang='lat' dir='ltr'>aliquod</span> <span class='ocrx_word' id='word_1_243' title='bbox 547 2572 723 2646; x_wconf 87' lang='lat' dir='ltr'>exemplum</span> <span class='ocrx_word' id='word_1_244' title='bbox 737 2578 900 2649; x_wconf 67' lang='lat' dir='ltr'>ponamus</span> <span class='ocrx_word' id='word_1_245' title='bbox 916 2572 1001 2648; x_wconf 92' lang='lat' dir='ltr'>quod</span> <span class='ocrx_word' id='word_1_246' title='bbox 1015 2573 1045 2632; x_wconf 92' lang='lat' dir='ltr'>in</span> <span class='ocrx_word' id='word_1_247' title='bbox 1059 2579 1171 2632; x_wconf 85' lang='lat' dir='ltr'>senatu</span> 
     </span>
     <span class='ocr_line' id='line_1_30' title="bbox 124 2652 1170 2731; baseline -0.001 -15"><span class='ocrx_word' id='word_1_248' title='bbox 124 2663 241 2731; x_wconf 80' lang='lat' dir='ltr'>agatur,</span> <span class='ocrx_word' id='word_1_249' title='bbox 263 2656 302 2716; x_wconf 86' lang='lat' dir='ltr'>ab</span> <span class='ocrx_word' id='word_1_250' title='bbox 317 2652 454 2716; x_wconf 84' lang='lat' dir='ltr'>iudiciali</span> <span class='ocrx_word' id='word_1_251' title='bbox 468 2671 581 2731; x_wconf 88' lang='lat' dir='ltr'>genere</span> <span class='ocrx_word' id='word_1_252' title='bbox 597 2657 809 2731; x_wconf 85' lang='lat' dir='ltr'>exemplorum</span> <span class='ocrx_word' id='word_1_253' title='bbox 822 2656 981 2718; x_wconf 86' lang='lat' dir='ltr'>recedere.</span> <span class='ocrx_word' id='word_1_254' title='bbox 1013 2654 1170 2730; x_wconf 84' lang='lat' dir='ltr'>Quidquid</span> 
     </span>
     <span class='ocr_line' id='line_1_31' title="bbox 125 2739 1172 2816; baseline -0.001 -17"><span class='ocrx_word' id='word_1_255' title='bbox 125 2739 207 2800; x_wconf 88' lang='lat' dir='ltr'>enim</span> <span class='ocrx_word' id='word_1_256' title='bbox 223 2741 262 2801; x_wconf 92' lang='lat' dir='ltr'>de</span> <span class='ocrx_word' id='word_1_257' title='bbox 277 2739 401 2803; x_wconf 90' lang='lat' dir='ltr'>homine</span> <span class='ocrx_word' id='word_1_258' title='bbox 415 2740 577 2816; x_wconf 87' lang='lat' dir='ltr'>probando</span> <span class='ocrx_word' id='word_1_259' title='bbox 593 2746 646 2801; x_wconf 87' lang='lat' dir='ltr'>aut</span> <span class='ocrx_word' id='word_1_260' title='bbox 659 2739 863 2816; x_wconf 86' lang='lat' dir='ltr'>improbando</span> <span class='ocrx_word' id='word_1_261' title='bbox 881 2739 1000 2812; x_wconf 90' lang='lat' dir='ltr'>dicitur,</span> <span class='ocrx_word' id='word_1_262' title='bbox 1018 2754 1113 2815; x_wconf 90' lang='lat' dir='ltr'>quum</span> <span class='ocrx_word' id='word_1_263' title='bbox 1128 2739 1172 2799; x_wconf 86' lang='lat' dir='ltr'>ad</span> 
     </span>
     <span class='ocr_line' id='line_1_32' title="bbox 125 2821 1170 2900; baseline -0.004 -15"><span class='ocrx_word' id='word_1_264' title='bbox 125 2840 195 2885; x_wconf 89' lang='lat' dir='ltr'>eam</span> <span class='ocrx_word' id='word_1_265' title='bbox 210 2823 376 2887; x_wconf 87' lang='lat' dir='ltr'>dictionem</span> <span class='ocrx_word' id='word_1_266' title='bbox 390 2824 612 2885; x_wconf 85' lang='lat' dir='ltr'>sententiarum</span> <span class='ocrx_word' id='word_1_267' title='bbox 628 2839 754 2900; x_wconf 90' lang='lat' dir='ltr'>quoque</span> <span class='ocrx_word' id='word_1_268' title='bbox 768 2825 845 2885; x_wconf 90' lang='lat' dir='ltr'>ratio</span> <span class='ocrx_word' id='word_1_269' title='bbox 860 2822 1122 2897; x_wconf 86' lang='lat' dir='ltr'>accommodetur,</span> <span class='ocrx_word' id='word_1_270' title='bbox 1136 2821 1170 2881; x_wconf 91' lang='lat' dir='ltr'>id</span> 
     </span>
     <span class='ocr_line' id='line_1_33' title="bbox 124 2904 1167 2984; baseline -0.002 -16"><span class='ocrx_word' id='word_1_271' title='bbox 124 2925 203 2982; x_wconf 87' lang='lat' dir='ltr'>non,</span> <span class='ocrx_word' id='word_1_272' title='bbox 230 2907 257 2970; x_wconf 89' lang='lat' dir='ltr'>si</span> <span class='ocrx_word' id='word_1_273' title='bbox 277 2924 333 2984; x_wconf 89' lang='lat' dir='ltr'>per</span> <span class='ocrx_word' id='word_1_274' title='bbox 348 2907 518 2970; x_wconf 86' lang='lat' dir='ltr'>sententiae</span> <span class='ocrx_word' id='word_1_275' title='bbox 534 2906 699 2971; x_wconf 87' lang='lat' dir='ltr'>dictionem</span> <span class='ocrx_word' id='word_1_276' title='bbox 713 2907 826 2983; x_wconf 83' lang='lat' dir='ltr'>agitur,</span> <span class='ocrx_word' id='word_1_277' title='bbox 855 2904 1088 2969; x_wconf 88' lang='lat' dir='ltr'>deliberativum</span> <span class='ocrx_word' id='word_1_278' title='bbox 1104 2913 1167 2975; x_wconf 87' lang='lat' dir='ltr'>est;</span> 
     </span>
     <span class='ocr_line' id='line_1_34' title="bbox 125 2988 1168 3068; baseline -0.004 -15"><span class='ocrx_word' id='word_1_279' title='bbox 125 2994 184 3054; x_wconf 90' lang='lat' dir='ltr'>sed</span> <span class='ocrx_word' id='word_1_280' title='bbox 199 2993 272 3068; x_wconf 90' lang='lat' dir='ltr'>quia</span> <span class='ocrx_word' id='word_1_281' title='bbox 287 2994 326 3053; x_wconf 93' lang='lat' dir='ltr'>de</span> <span class='ocrx_word' id='word_1_282' title='bbox 341 2992 465 3053; x_wconf 90' lang='lat' dir='ltr'>homine</span> <span class='ocrx_word' id='word_1_283' title='bbox 479 2990 641 3067; x_wconf 84' lang='lat' dir='ltr'>statuitur,</span> <span class='ocrx_word' id='word_1_284' title='bbox 656 2991 801 3055; x_wconf 84' lang='lat' dir='ltr'>iudiciale</span> <span class='ocrx_word' id='word_1_285' title='bbox 816 3000 863 3053; x_wconf 91' lang='lat' dir='ltr'>est</span> <span class='ocrx_word' id='word_1_286' title='bbox 876 2991 1064 3055; x_wconf 82' lang='lat' dir='ltr'>habendum.</span> <span class='ocrx_word' id='word_1_287' title='bbox 1099 2988 1168 3050; x_wconf 88' lang='lat' dir='ltr'>Orn-</span> 
     </span>
     <span class='ocr_line' id='line_1_35' title="bbox 125 3073 1261 3152; baseline -0.003 -18"><span class='ocrx_word' id='word_1_288' title='bbox 125 3075 198 3136; x_wconf 89' lang='lat' dir='ltr'>nino</span> <span class='ocrx_word' id='word_1_289' title='bbox 214 3085 316 3140; x_wconf 87' lang='lat' dir='ltr'>autem</span> <span class='ocrx_word' id='word_1_290' title='bbox 332 3073 385 3152; x_wconf 91' lang='lat' dir='ltr'>qui</span> <span class='ocrx_word' id='word_1_291' title='bbox 400 3075 561 3150; x_wconf 81' lang='lat' dir='ltr'>diligenter</span> <span class='ocrx_word' id='word_1_292' title='bbox 576 3075 713 3139; x_wconf 86' lang='lat' dir='ltr'>omnium</span> <span class='ocrx_word' id='word_1_293' title='bbox 729 3092 891 3139; x_wconf 86' lang='lat' dir='ltr'>causarum</span> <span class='ocrx_word' id='word_1_294' title='bbox 904 3074 968 3137; x_wconf 85' lang='lat' dir='ltr'>vim</span> <span class='ocrx_word' id='word_1_295' title='bbox 983 3083 1014 3137; x_wconf 93' lang='lat' dir='ltr'>et</span> <span class='ocrx_word' id='word_1_296' title='bbox 1027 3082 1168 3135; x_wconf 89' lang='lat' dir='ltr'>naturam</span> <span class='ocrx_word' id='word_1_297' title='bbox 1259 3086 1261 3114; x_wconf 63' lang='lat' dir='ltr'>r</span> 
     </span>
     <span class='ocr_line' id='line_1_36' title="bbox 124 3155 1167 3235; baseline 0 -20"><span class='ocrx_word' id='word_1_298' title='bbox 124 3160 314 3233; x_wconf 84' lang='lat' dir='ltr'>cognoverit,</span> <span class='ocrx_word' id='word_1_299' title='bbox 331 3175 444 3235; x_wconf 87' lang='lat' dir='ltr'>genere</span> <span class='ocrx_word' id='word_1_300' title='bbox 459 3162 490 3220; x_wconf 86' lang='lat' dir='ltr'>&#39;et</span> <span class='ocrx_word' id='word_1_301' title='bbox 503 3158 604 3235; x_wconf 87' lang='lat' dir='ltr'>prima</span> <span class='ocrx_word' id='word_1_302' title='bbox 618 3159 860 3221; x_wconf 84' lang='lat' dir='ltr'>conformatione</span> <span class='ocrx_word' id='word_1_303' title='bbox 875 3176 929 3221; x_wconf 84' lang='lat' dir='ltr'>eus</span> <span class='ocrx_word' id='word_1_304' title='bbox 944 3156 1094 3234; x_wconf 84' lang='lat' dir='ltr'>intelliget</span> <span class='ocrx_word' id='word_1_305' title='bbox 1105 3155 1167 3218; x_wconf 88' lang='lat' dir='ltr'>dis-</span> 
     </span>
     <span class='ocr_line' id='line_1_37' title="bbox 125 3237 1168 3316; baseline 0.007 -23"><span class='ocrx_word' id='word_1_306' title='bbox 125 3237 238 3297; x_wconf 88' lang='lat' dir='ltr'>sidere.</span> <span class='ocrx_word' id='word_1_307' title='bbox 261 3241 396 3301; x_wconf 83' lang='lat' dir='ltr'>Caeteris</span> <span class='ocrx_word' id='word_1_308' title='bbox 411 3252 512 3303; x_wconf 88' lang='lat' dir='ltr'>aulem</span> <span class='ocrx_word' id='word_1_309' title='bbox 526 3242 666 3316; x_wconf 86' lang='lat' dir='ltr'>partibus</span> <span class='ocrx_word' id='word_1_310' title='bbox 676 3250 765 3316; x_wconf 85' lang='lat' dir='ltr'>aptas</span> <span class='ocrx_word' id='word_1_311' title='bbox 777 3241 859 3304; x_wconf 87' lang='lat' dir='ltr'>inter</span> <span class='ocrx_word' id='word_1_312' title='bbox 868 3259 903 3302; x_wconf 89' lang='lat' dir='ltr'>se</span> <span class='ocrx_word' id='word_1_313' title='bbox 914 3256 1023 3303; x_wconf 88' lang='lat' dir='ltr'>omnes</span> <span class='ocrx_word' id='word_1_314' title='bbox 1036 3248 1067 3303; x_wconf 90' lang='lat' dir='ltr'>et</span> <span class='ocrx_word' id='word_1_315' title='bbox 1077 3241 1168 3302; x_wconf 89' lang='lat' dir='ltr'>aliam</span> 
     </span>
    </p>
   </div>
   <div class='ocr_carea' id='block_1_3' title="bbox 27 3313 1168 3482">
    <p class='ocr_par' dir='ltr' id='par_1_4' title="bbox 27 3313 1168 3482">
     <span class='ocr_line' id='line_1_38' title="bbox 124 3313 1168 3399; baseline 0.013 -30"><span class='ocrx_word' id='word_1_316' title='bbox 124 3313 155 3370; x_wconf 86' lang='lat' dir='ltr'>in</span> <span class='ocrx_word' id='word_1_317' title='bbox 176 3316 237 3374; x_wconf 83' lang='lat' dir='ltr'>alia</span> <span class='ocrx_word' id='word_1_318' title='bbox 250 3319 435 3391; x_wconf 82' lang='lat' dir='ltr'>implicatam</span> <span class='ocrx_word' id='word_1_319' title='bbox 449 3324 593 3384; x_wconf 78' lang='lat' dir='ltr'>videbit·</span> <span class='ocrx_word' id='word_1_320' title='bbox 613 3324 684 3384; x_wconf 87' lang='lat' dir='ltr'>lll.</span> <span class='ocrx_word' id='word_1_321' title='bbox 705 3325 792 3384; x_wconf 89' lang='lat' dir='ltr'>Nunc</span> <span class='ocrx_word' id='word_1_322' title='bbox 807 3326 846 3385; x_wconf 92' lang='lat' dir='ltr'>de</span> <span class='ocrx_word' id='word_1_323' title='bbox 861 3323 1009 3399; x_wconf 85' lang='lat' dir='ltr'>praemiis</span> <span class='ocrx_word' id='word_1_324' title='bbox 1024 3322 1168 3387; x_wconf 79' lang='lat' dir='ltr'>conside-</span> 
     </span>
     <span class='ocr_line' id='line_1_39' title="bbox 27 3396 1165 3482; baseline 0.02 -37"><span class='ocrx_word' id='word_1_325' title='bbox 27 3467 34 3481; x_wconf 16' lang='lat'><em>*</em></span> <span class='ocrx_word' id='word_1_326' title='bbox 123 3407 237 3452; x_wconf 82' lang='lat' dir='ltr'>remus.</span> <span class='ocrx_word' id='word_1_327' title='bbox 258 3396 292 3451; x_wconf 92' lang='lat' dir='ltr'>L.</span> <span class='ocrx_word' id='word_1_328' title='bbox 307 3398 444 3462; x_wconf 89' lang='lat' dir='ltr'>Licinius</span> <span class='ocrx_word' id='word_1_329' title='bbox 460 3404 590 3466; x_wconf 77' lang='lat' dir='ltr'>Crassus</span> <span class='ocrx_word' id='word_1_330' title='bbox 607 3407 716 3466; x_wconf 90' lang='lat' dir='ltr'>consul</span> <span class='ocrx_word' id='word_1_331' title='bbox 732 3408 885 3482; x_wconf 84' lang='lat' dir='ltr'>quosdam</span> <span class='ocrx_word' id='word_1_332' title='bbox 898 3406 930 3466; x_wconf 88' lang='lat' dir='ltr'>iu</span> <span class='ocrx_word' id='word_1_333' title='bbox 945 3405 1089 3469; x_wconf 88' lang='lat' dir='ltr'>citeriore</span> <span class='ocrx_word' id='word_1_334' title='bbox 1100 3405 1165 3468; x_wconf 56' lang='lat' dir='ltr'>Gal*</span> 
     </span>
    </p>
   </div>
   <div class='ocr_carea' id='block_1_4' title="bbox 0 0 1292 3892">
    <p class='ocr_par' dir='ltr' id='par_1_5' title="bbox 0 0 1292 3892">
     <span class='ocr_line' id='line_1_40' title="bbox 0 0 1292 3892; baseline 0 1"><span class='ocrx_word' id='word_1_335' title='bbox 0 0 1292 3892; x_wconf 95' lang='lat' dir='ltr'> </span> 
     </span>
    </p>
   </div>
  </div>
 </body>
</html>
