2575 3892
132 212 166 266 tr
355 204 471 263 LIBER
486 206 523 262 ll.
546 205 628 263 CAP·
643 213 765 267 28-29.
787 211 812 272 S·
826 215 948 269 82-88.
1112 207 1174 272 179

19 398 23 399 ⁷
130 359 226 419 rebus
240 357 408 432 permultas
422 354 465 415 ita
479 364 601 417 atroces
616 365 647 416 et
661 355 844 432 perspicuas
858 374 909 418 res
925 374 1007 433 esse,
1021 368 1055 420 ut
1069 360 1108 420 de
1123 360 1172 421 his

131 459 194 502 non
209 440 303 501 modo
318 455 381 499 non
395 454 528 499 neeesse
544 439 599 514 sit,
621 441 679 500 sed
693 456 732 500 ne
747 438 821 500 utile
837 440 969 516 quidem,
992 460 1085 518 quam
1098 458 1173 503 mox

130 524 278 586 iudicium
300 523 369 596 fiat,
395 530 588 598 exspectare.
623 523 727 583 Locus
749 524 919 584 communis
934 526 1124 587 accusatoris
1139 526 1172 586 in

131 625 212 680 eum,
235 606 296 682 qui,
312 623 407 682 quum
421 605 463 678 id,
480 607 564 682 quod
578 605 724 682 arguitur,
739 622 854 682 negare
868 622 931 668 non
945 608 1055 681 possit,
1069 618 1172 670 tamen

131 689 250 766 aliquid
265 688 324 750 sibi
339 688 407 764 spei
422 698 580 764 comparet
594 707 632 750 ex
648 689 831 751 iudiciorum
845 691 1085 766 perturbatione.
1118 694 1166 752 At·
1268 758 1269 761 Ἴ

132 791 194 850 que
205 773 255 833 hic
266 771 403 834 utilitatis
415 770 598 834 iudiciorum
610 772 830 834 demonstratio
844 783 874 834 et
885 774 970 834 deco
979 774 1172 849 conquestio,

131 857 186 933 qui
202 855 389 932 supplicium
402 856 522 917 dederit
536 856 745 928 indemnatus;
766 857 798 916 in
812 857 880 918 eius
896 866 1007 931 autem,
1024 858 1077 933 qui
1090 874 1172 917 sum·
1268 860 1269 863 ’

131 940 238 1016 pserit,
250 939 412 1000 audaciam
423 947 455 999 et
467 940 676 1002 crudelitatem
687 940 866 1016 indignatio.
879 940 987 1002 ocnh
1006 941 1171 1000 defensore
1268 970 1269 981 2

19 1054 20 1057 ¹
131 1024 162 1083 in
178 1024 261 1095 elue,
285 1040 377 1098 quem
390 1023 473 1083 ultus
489 1023 543 1097 sit,
563 1024 724 1084 audaciam
740 1023 788 1085 sui
803 1022 1003 1100 conquestio:
1029 1040 1095 1083 rem
1110 1039 1172 1082 non

19 1156 22 1157 ν
131 1123 172 1168 ex
187 1105 311 1167 nomine
325 1105 426 1182 ipsius
441 1107 571 1181 negotii,
604 1108 662 1168 sed
677 1124 718 1168 ex
732 1106 862 1170 consilio
877 1105 960 1180 eiua,
988 1106 1040 1182 qui
1056 1104 1171 1177 lecerit,

21 1221 23 1225 <
130 1199 161 1251 et
176 1206 272 1250 causa
287 1198 318 1251 et
330 1198 470 1265 tempore
486 1190 676 1251 considerari
691 1199 851 1266 oportere,
866 1190 941 1267 quid
955 1190 1026 1249 mali
1036 1191 1172 1251 futurum

20 1303 23 1310 ·
130 1273 170 1334 sit
189 1281 242 1333 aut
262 1289 302 1333 ex
315 1271 426 1335 iniuria
446 1280 499 1334 aut
518 1290 559 1334 ex
579 1276 697 1335 scelere
718 1273 863 1348 alicuius,
887 1272 948 1333 nisi
968 1282 1051 1334 tanta
1065 1280 1173 1335 ettam
1268 1324 1269 1327 ,

20 1384 23 1388 ·
128 1356 296 1432 perspicua
309 1356 440 1418 audacia
455 1358 494 1417 ab
509 1373 557 1431 eo,
572 1358 613 1417 ad
624 1357 713 1418 cuius
726 1357 837 1417 lamam
848 1364 901 1418 aut
911 1357 952 1416 ad
962 1365 1107 1432 parentes
1120 1362 1173 1415 aut

20 1465 27 1489 τ
130 1446 170 1502 ad
188 1446 302 1505 liberos
323 1447 457 1518 pertinet
472 1453 525 1505 aut
544 1448 584 1503 ad
603 1449 737 1519 aliquam
755 1462 835 1515 rem,
858 1459 952 1518 qnam
974 1454 1076 1501 caram
1100 1454 1174 1499 esse
1268 1444 1269 1447 ’

21 1572 22 1575 ,
132 1527 274 1586 omnibus
289 1536 343 1586 aut
357 1543 491 1586 necesse
506 1535 555 1586 est
569 1535 621 1586 eut
636 1534 761 1602 oportet
775 1542 856 1595 esse,
872 1525 1038 1584 vindicata.

213 1609 320 1670 XXIX.
339 1609 482 1671 Remotio
504 1608 640 1671 criminis
661 1618 725 1684 est,
751 1628 845 1686 quum
867 1611 934 1672 eius
948 1610 1076 1673 intentio
1092 1613 1173 1687 lacti,
1268 1630 1269 1635 ¹

19 1726 29 1745 ι.
134 1694 220 1769 quod
233 1694 272 1753 ab
287 1691 466 1755 adversario
482 1692 617 1767 infertur,
632 1692 664 1754 in
676 1692 768 1754 alium
782 1702 834 1754 aut
844 1693 875 1753 in
887 1695 971 1756 aliud
983 1697 1173 1757 demovetur.

22 1828 24 1832 ,
131 1777 167 1836 ld
188 1777 222 1837 lit
240 1774 401 1852 bipertito:
428 1791 499 1835 nam
518 1784 582 1838 tum
603 1792 715 1851 causa,
739 1784 803 1837 tum
822 1793 874 1837 res
896 1777 966 1852 ipsa
987 1787 1171 1839 removetur.
1268 1802 1269 1805 ¹

19 1904 27 1918 s
131 1856 182 1922 87.
207 1859 327 1921 Causae
340 1858 521 1920 remotionis
534 1860 595 1920 hoc
609 1858 700 1921 nobis
717 1861 859 1939 exemplo
874 1860 928 1921 sit:
950 1861 1063 1922 Rhodii
1078 1879 1173 1938 quos-

22 1978 31 2003 ,2
132 1944 202 2003 dem
217 1942 519 2018 legaruntAtbenas.
553 1942 676 2019 Legatis
692 1951 874 2018 quaestores
889 1952 1059 2020 sumptum,
1081 1961 1173 2021 quem
1268 1970 1269 1985 2

133 2027 294 2101 oportebat
308 2024 384 2099 dari,
400 2043 462 2086 non
477 2026 636 2088 dederunt.
656 2026 763 2101 Legati
777 2027 908 2102 proiecti
922 2045 984 2088 non
1000 2036 1080 2088 sunt.
1111 2030 1172 2088 Ac-

22 2172 23 2175 ,
132 2116 288 2170 cusantur.
308 2109 440 2170 Intentio
452 2118 515 2171 est:
529 2109 687 2170 Proficisei
699 2108 843 2185 oportuit.
864 2111 1013 2186 Depulsio
1026 2119 1088 2172 est:
1100 2112 1172 2170 *Non

132 2191 275 2267 oportuit.
312 2191 457 2267 Quaestio
479 2202 542 2254 est:
569 2192 805 2269 oportueritne?
829 2192 920 2256 Ratio
934 2201 996 2254 este
1024 2194 1171 2269 Sumptus

21 2299 39 2345 ss·
121 2274 222 2353 enim,
243 2274 296 2351 qui
311 2275 351 2336 dc
365 2274 489 2351 publico
505 2275 571 2338 dari
585 2279 673 2349 solet,
696 2276 723 2336 is
741 2276 780 2336 ab
796 2284 962 2352 quaestore
976 2293 1040 2339 non
1055 2285 1103 2338 est
1118 2278 1171 2336 da-

19 2385 40 2431 55.
131 2368 189 2419 tus.
224 2357 392 2419 infirmatio
407 2368 470 2420 est:
494 2362 563 2422 Vos
577 2369 678 2420 tamen
694 2358 742 2434 id,
762 2359 847 2435 quod
862 2359 986 2435 publice
1000 2359 1090 2421 vobis
1106 2369 1171 2420 erat

26 2468 42 2510 u
129 2443 246 2516 negotii
267 2443 380 2517 datum,
396 2444 551 2504 conficere
566 2443 737 2519 oportebat.
756 2442 906 2504 iudicatio
922 2451 984 2504 est:
1008 2443 1105 2517 Quum
1121 2440 1170 2514 iis,

30 2553 37 2587 r
130 2525 183 2600 qui
196 2525 287 2600 legati
302 2533 397 2600 erant,
414 2536 565 2603 sumptus,
580 2525 635 2602 qui
650 2525 818 2587 debebatur
832 2526 871 2586 de
886 2525 1023 2601 publico,
1039 2538 1101 2587 non
1116 2526 1170 2586 da-

128 2615 227 2679 retur,
248 2609 456 2683 oportueritne
477 2627 533 2672 eos
554 2609 710 2671 conficere
724 2607 819 2670 nihilo
840 2607 942 2670 minus
963 2609 1171 2684 legationemt

128 2689 197 2748 Hoc
211 2687 242 2748 in
257 2705 371 2766 genere
384 2691 524 2767 primum,
546 2692 626 2754 sicut
640 2691 672 2751 in
686 2689 826 2764 caeteris,
843 2690 870 2751 sl
886 2690 961 2765 quid
975 2701 1027 2752 aut
1041 2708 1082 2752 ex
1097 2709 1169 2774 con-

23 2802 45 2851 r·
130 2775 268 2836 iecturali
275 2783 329 2834 aut
337 2789 376 2832 ex
383 2772 612 2846 [definitivaaut
619 2769 962 2842 extaliaconstitutione
974 2766 1053 2827 sutrii
1058 2770 1170 2840 possut,

18 2868 47 2925 --l
130 2856 230 2919 videri
243 2855 407 2932 oportebit.
429 2855 742 2929 Deindepleraqueet
749 2850 1027 2927 excomparatione
1037 2855 1117 2908 etex
1124 2860 1171 2905 re·

30 2961 48 3012 τε
130 2941 247 3005 latione
261 2936 394 3001 criminis
406 2937 438 2996 in
449 2937 529 2997 hanc
543 2950 670 3013 quoque
682 2952 807 2997 causam
826 2934 994 2996 convenire
1010 2935 1169 3008 poterunt.

115 3059 117 3061 ·
132 3024 184 3090 88.
202 3029 379 3087 Accusator
392 3027 495 3081 autem
509 3020 602 3093 illum,
614 3019 701 3081 ouius
718 3019 852 3096 aupald
862 3020 975 3079 lactum
990 3032 1062 3076 reus
1078 3013 1169 3085 dicet,
1268 3072 1269 3077 ,

129 3104 667 3192 primumdetendet‚sipoterit;sin
680 3102 780 3164 minus
792 3104 913 3182 poterit,
925 3096 1048 3175 negabit
1059 3095 1172 3157 adhoc

129 3198 276 3263 iudicium
291 3193 388 3268 illius,
411 3193 468 3254 sed
480 3188 588 3264 huius,
610 3204 703 3266 quem
716 3186 942 3279 lpse-accuset,
963 3180 1086 3255 eulpam
1101 3191 1171 3252 per·

47 3328 51 3333 ι
129 3285 237 3347 tinere.
255 3281 368 3342 Postea
382 3276 464 3338 dicet
476 3290 534 3337 suo
551 3286 707 3350 quemque
718 3268 822 3330 olllcro
834 3264 998 3326 consulere
1010 3269 1171 3349 oportere}

29 3374 50 3422 r
131 3386 205 3442 nee,
226 3365 252 3427 si
267 3364 318 3424 ille
332 3368 510 3438 peccasset,
530 3359 612 3418 hune
628 3350 806 3432 oportuisse
821 3363 968 3422 peccare:
994 3342 1123 3440 deinde,
1144 3353 1171 3393 ει

131 3451 183 3512 illc
198 3445 374 3523 deliquerit,
401 3441 566 3520 separatim
580 3440 663 3501 illum
679 3436 759 3498 sicut
771 3432 854 3492 hunc
869 3445 1010 3493 accusari
1026 3424 1172 3494 oportere
1267 3449 1269 3456 Α

905 3509 964 3570 12*
