2575 3892
123 217 246 261 xxxvm
376 191 602 244 MEMORABILIA
617 191 719 240 VITAE
738 185 906 240 CICERONIS

130 501 180 554 711
227 503 262 556 43
295 503 381 555 Cicero
397 500 561 562 Pltilr'ppieam
578 498 696 562 quintam
715 497 741 543 in
759 506 809 554 qna
827 491 979 557 legationem
997 490 1073 538 istam
1106 486 1142 539 64

295 581 323 623 nt
341 577 444 621 senatus
461 576 487 618 et
502 566 591 633 populi
606 564 715 614 Romani
730 562 862 610 maiestate
876 560 1008 624 indignam
1022 559 1073 607 dis-

232 648 236 657 ¹
296 642 376 691 suasit
400 645 438 701 et,
462 644 490 685 nt
511 635 591 684 hostis
615 633 770 682 indicaretur
786 630 927 687 Antonius,
950 627 1072 677 incubuit.

295 711 379 760 Pridie
403 715 487 756 tamen
508 703 574 754 Non.
596 702 651 752 Ian.
670 700 821 753 factumest
840 696 946 756 SCtum‚
970 703 998 746 ut
1019 693 1072 744 Ser.

296 778 438 843 Sulpicius,
463 774 493 822 L.
513 773 586 829 Piso,
604 770 634 819 L.
655 769 788 833 Philippus
812 781 869 815 eum
893 765 1020 816 mandatis
1041 764 1075 813 ad

296 846 434 897 Antonium
453 841 672 908 proficiscerentur
689 839 764 900 eique
782 834 966 890 denuntiarent,
994 846 1026 880 ne
1043 830 1072 879 D.

284 915 399 964 'Brutum
419 915 586 976 oppugnaret,
605 921 637 956 ne
658 906 766 956 dilectus
781 904 899 960 haberet;
921 909 945 949 et
962 909 989 949 nt
1007 905 1075 947 esset

296 986 321 1032 ia
340 981 367 1035 S.
379 981 407 1032 P.
418 976 448 1038 Q.
460 979 491 1030 R.
508 984 642 1045 potestate.
678 975 716 1023 De
734 991 764 1024 eo
778 972 841 1022 SCto
859 970 954 1028 Cicero,
973 970 999 1018 iu
1014 983 1074 1017 con-

295 1053 391 1101 tionem
412 1048 551 1115 productus
571 1047 602 1095 ab
620 1044 748 1109 Appuleio
766 1043 824 1091 trib.
843 1039 879 1105 pl.
900 1039 933 1088 ad
951 1036 1074 1102 populum

296 1119 391 1169 rettulit
404 1117 547 1180 Philippica
560 1120 645 1165 sexta.
669 1112 755 1162 Paullo
770 1117 829 1175 post
846 1123 904 1157 cum
918 1108 1002 1157 Pansa
1016 1119 1075 1155 con-

296 1187 337 1237 snl
354 1193 470 1236 senatum
489 1185 521 1234 de
533 1184 618 1249 Appia
633 1183 675 1230 via
693 1193 718 1230 et
735 1181 767 1229 de
782 1180 891 1235 Moneta,
910 1189 976 1225 unns
990 1184 1075 1224 autem

296 1257 354 1306 trib.
368 1256 404 1321 pl.
425 1255 457 1304 de
469 1254 591 1318 Lupercis
610 1251 786 1307 consuluisset,
806 1247 892 1297 Cicero
911 1247 937 1294 in
951 1245 1074 1293 sententia

297 1325 406 1374 dicenda
420 1337 539 1388 egressus
553 1330 592 1369 est
600 1319 749 1368 relationem
759 1326 783 1366 et
792 1316 948 1379 (Philippica
956 1310 1075 1376 separas)

296 1408 385 1458 pacem
400 1407 458 1442 cum
472 1391 583 1441 Antonio
599 1389 730 1446 dissuasit,
748 1387 809 1449 quia
823 1384 904 1448 turpis
922 1391 997 1436 esset,
1016 1382 1076 1443 quia

296 1461 448 1527 periculosa,
467 1461 528 1522 qnia
545 1473 602 1508 esse
619 1472 670 1506 non
685 1462 780 1521 posset.
808 1452 900 1518 Legati
915 1452 946 1500 ab
964 1451 1074 1499 Antonio

297 1529 410 1595 (praeter
435 1528 490 1579 Ser.
515 1522 671 1592 Sulpicium,
694 1526 739 1587 qui
762 1525 789 1572 in
812 1523 939 1587 legatione
963 1517 1074 1582 obierat)

297 1601 369 1648 initio
389 1599 460 1647 Febr.
479 1597 587 1647 Romam
605 1595 703 1645 reversi
720 1591 887 1642 intolerabilia
906 1589 1009 1638 Antonii
1030 1603 1075 1651 po-

298 1667 390 1717 stulata
411 1665 570 1716 rettulerunt.
606 1662 714 1713 Senatus
736 1660 872 1710 tumultum
890 1657 1075 1707 decernendum

297 1736 410 1793 censuit,
434 1750 492 1783 cum
509 1733 570 1783 belli
587 1746 680 1782 nomen
697 1729 824 1779 nonnullis
841 1727 911 1777 hand
927 1726 1074 1791 placuisset,

297 1805 367 1867 qnod
390 1802 477 1854 Cicero
497 1801 655 1854 minitari.
675 1798 817 1861 Piuiippica
834 1805 923 1847 octava
940 1793 1075 1859 reprehen-

298 1874 334 1923 dit
356 1871 505 1934 Fadumque
529 1870 649 1920 Calenum
673 1869 705 1916 de
728 1882 792 1931 pace
816 1874 935 1929 agentem
961 1864 1076 1924 aliosque

298 1941 408 1995 Antonio
434 1939 548 1989 faventes
571 1938 725 2001 obiurgavit.
760 1934 886 1982 Postridie
908 1946 967 1979 cum
985 1931 1017 1979 de
1036 1945 1076 1978 or-

297 2009 381 2057 nando
397 2005 451 2056 Ser.
462 2004 574 2069 Sulpicio
589 2006 615 2053 in
630 2011 721 2052 senatu
730 2009 856 2067 ageretur,
868 1998 953 2049 Cicero
967 2005 1075 2047 statuam

298 2076 441 2141 pedestrem
463 2088 568 2125 aeneam
592 2074 618 2121 in
642 2071 742 2122 Rostris
766 2071 790 2119 ei
811 2068 956 2134 ponendam
977 2067 1076 2116 censuit

298 2144 439 2206 Philippica
457 2158 532 2195 nana.
568 2141 661 2190 Postea
683 2155 740 2189 cnm
762 2139 845 2188 Pansa
868 2152 922 2190 cos.
946 2136 981 2187 nt.
1006 2134 1077 2184 Bruti

298 2212 334 2278 (s.
360 2212 389 2272 Q.
415 2212 548 2277 Caepionis
571 2210 657 2274 Bruti)
680 2209 777 2258 litteras
805 2206 906 2272 publice
928 2205 1020 2255 missas
1045 2205 1076 2253 de

297 2282 372 2332 rebus
390 2283 417 2331 iu
435 2282 583 2333 Macedonia
599 2278 706 2329 feliciter
722 2278 803 2343 gestis
820 2277 951 2325 recitasset
969 2288 1076 2335 eumque

298 2353 327 2411 Q.
345 2349 431 2401 l’nfius
448 2349 555 2401 Calenus
574 2353 757 2415 oppugnasset,
775 2345 861 2395 Cicero
876 2343 1018 2405 Pialippica
1033 2342 1076 2391 de-

234 2458 246 2481 .
297 2424 359 2470 cinna
377 2418 497 2470 Calenum
519 2418 640 2469 refutavit
663 2427 688 2467 et
713 2416 743 2474 Q.
762 2414 895 2464 Hortensio
912 2411 1076 2460 Macedoniae

298 2501 414 2553 procos,
444 2488 489 2549 qui
511 2486 616 2536 Brutum
647 2488 674 2534 ia
697 2482 866 2548 comparando
891 2480 1003 2530 exercitu
1030 2479 1076 2527 ad-

297 2559 409 2614 iuverat,
440 2554 516 2604 huius
544 2555 690 2619 provinciae
719 2549 962 2602 administrationem
987 2546 1076 2595 confir·

297 2623 416 2674 mandam
434 2637 491 2674 esse
509 2625 614 2675 censnit.
651 2625 757 2672 Etcum
777 2627 835 2670 ante
852 2617 907 2668 Kal.
927 2616 1007 2682 April.
1026 2616 1076 2664 lio-

297 2708 365 2743 mam
388 2691 493 2742 allatam
515 2699 583 2742 esset
602 2692 634 2741 de
651 2698 732 2741 morte
750 2689 777 2740 C.
796 2685 928 2745 lbebouii,
952 2700 1027 2748 quern
1045 2686 1074 2734 P.

297 2761 429 2813 Dolabella
437 2759 559 2828 Smyrnae
573 2759 749 2809 crudelissime
760 2757 910 2808 verberibus
922 2769 953 2804 aa
965 2762 1075 2804 tormen-

298 2833 331 2881 tis
343 2832 482 2882 cruciatum
494 2829 664 2886 interfecerat,
674 2830 747 2891 isque
759 2827 842 2878 hostis
857 2824 983 2876 iudicatus
999 2832 1076 2882 asset,

298 2901 385 2953 Cicero
403 2898 540 2966 postridie,
561 2913 619 2948 cnm
639 2898 671 2947 de
688 2899 839 2963 imperatore
857 2894 980 2945 adversus
999 2892 1075 2942 Dola-

297 2971 390 3021 bellam
408 2977 537 3035 ageretur,
555 2967 721 3030 Pbiiippt'cam
736 2966 824 3018 habuit
841 2964 1006 3019 ardeatinam,
1026 2975 1076 3020 qua

299 3038 325 3088 C.
345 3039 460 3088 Cassium
481 3036 647 3103 deligendum
668 3051 738 3094 esse,
765 3038 810 3099 qui
830 3030 987 3082 Dolabellam
1009 3037 1075 3075 terra

297 3108 410 3168 marique
427 3114 634 3171 persequeretur,
653 3104 844 3155 demonstravit.
879 3096 992 3148 Eandem
1011 3109 1073 3151 rem,

297 3175 436 3241 productas
450 3191 466 3224 a
479 3176 514 3224 Μ.
528 3173 636 3225 Servilio
647 3175 707 3222 trib.
716 3171 753 3236 pl.
769 3174 795 3220 in
810 3169 961 3224 contionem,
982 3179 1075 3229 magua

298 3243 459 3293 contentione
483 3257 632 3307 summoque
661 3243 770 3291 clamore
794 3246 819 3289 et
841 3250 968 3286 consensu
985 3233 1075 3298 popuii

299 3312 358 3375 egit.
397 3312 496 3362 Deinde
519 3329 576 3362 cnm
597 3312 680 3361 Pansa
700 3324 752 3360 cos.
774 3307 914 3371 delegatis
933 3306 1025 3354 iterum
1041 3302 1075 3351 ad

299 3380 436 3430 Antonium
457 3380 489 3430 de
511 3396 574 3446 pace
594 3379 725 3429 mittendis
741 3377 894 3433 rettulisset,
919 3376 1003 3437 iique,
1031 3370 1074 3433 qui

298 3448 373 3512 primi
390 3449 541 3499 senteutiam
559 3450 682 3505 dixerant,
701 3447 767 3496 banc
781 3447 934 3511 legationem
947 3442 976 3491 P.
989 3439 1074 3490 Servi-

290 3528 294 3549 l
