2575 3892
142 234 201 298 158
515 233 566 292 DE
580 230 814 293 INVENTIONE
922 284 929 295 .
1153 245 1203 303 55

141 384 256 447 nuendi
271 382 468 444 devitandive
482 381 669 444 incommodi
685 396 789 443 causa.
820 383 896 442 Nam
911 381 941 443 in
958 382 1069 446 horum
1084 403 1200 461 genus

141 473 318 531 alterutrum
338 466 390 527 illa
412 482 539 541 quoque
559 466 710 539 incident,
736 465 768 527 in
790 466 902 542 quibus
923 476 976 528 eut
995 466 1196 532 incommodi

141 552 259 627 aliquid
278 549 404 611 maioris
424 548 618 625 adipiscendi
639 547 793 610 commodi
815 566 911 611 causa
930 558 985 613 eut
997 551 1126 615 maioris
1142 555 1192 614 vi-

140 636 226 698 tandi
246 632 434 695 incommodi
455 632 622 709 suscipitur
635 642 689 694 aut
704 632 832 707 aliquod
847 635 1045 694 commodum
1054 637 1196 698 maioris

141 718 336 795 adipiscendi
358 717 511 779 commodi
533 726 584 777 aut
604 716 730 777 maioris
751 717 869 778 vitandi
889 717 1079 780 incommodi
1093 722 1191 795 pree-
1267 742 1268 783 3

140 804 256 865 teritur.

224 885 273 948 19.
295 883 352 945 Hic
368 886 456 945 locus
471 883 551 944 sicut
564 883 692 958 aliquod
706 883 936 945 tundamentum
947 894 996 946 est
1006 885 1097 946 huius
1106 903 1189 947 con-

141 969 317 1032 stitutionis.
352 969 429 1029 Nam
449 967 525 1028 nihil
545 968 658 1028 lactum
678 983 750 1027 esse
772 967 915 1042 cuiquam
936 969 1100 1044 probatur,
1122 970 1191 1032 nisi

141 1053 266 1129 aliquid,
284 1068 380 1128 quare
396 1053 509 1113 lactum
524 1051 572 1123 sit,
589 1050 768 1113 ostenditur.
803 1051 884 1127 Ergo
900 1060 1071 1126 accusator,
1089 1071 1189 1130 quurn

140 1137 325 1212 impulsione
340 1135 458 1210 aliquid
473 1136 586 1196 lactum
601 1150 672 1194 esse
684 1135 774 1209 dicet,
789 1134 874 1197 illum
885 1134 1033 1211 impetum
1044 1146 1074 1198 et
1086 1154 1187 1213 quan·

141 1222 211 1281 dam
226 1218 463 1279 commotionem
477 1216 568 1278 animi
583 1218 852 1295 adfectionemque
862 1218 966 1280 verbis
978 1228 1009 1281 et
1019 1220 1190 1283 sententiis

141 1303 329 1378 amplificare
355 1298 480 1362 debebit
504 1309 535 1360 et
560 1301 740 1375 ostendere,
778 1302 964 1377 quantavis
989 1302 1029 1362 sit
1052 1305 1189 1380 amoriS,

142 1396 256 1463 quanta
280 1384 372 1446 animi
398 1382 586 1460 perturbatio
613 1402 654 1445 ex
678 1385 839 1446 iracundia
862 1386 915 1447 fiat
938 1393 989 1446 aut
1013 1400 1053 1445 ex
1072 1384 1190 1461 aliqua

142 1488 237 1532 eausa
254 1485 368 1542 earum,
387 1486 448 1545 qua
461 1468 628 1546 impulsum
641 1468 777 1544 aliquem
790 1470 822 1529 id
838 1469 951 1531 secisse
965 1468 1055 1530 dicet.
1074 1468 1136 1529 Hic
1153 1481 1187 1532 et

141 1557 352 1630 exemplorum
378 1552 683 1626 commemoratione,
710 1553 764 1629 qui
789 1553 880 1614 simili
903 1553 1039 1629 impulsu
1062 1553 1186 1628 aliquid

141 1638 364 1713 commiserint,
388 1646 419 1697 et
434 1635 665 1698 similitudinum
679 1637 842 1698 collatione
857 1645 888 1698 et
902 1634 1113 1713 ipsius'unimi
1127 1637 1183 1697 ad·

141 1722 283 1797 lectionis
298 1720 506 1797 explicatione
520 1722 689 1782 curandum
704 1730 760 1795 est,
781 1730 891 1784 utnon
906 1720 1016 1782 mirum
1029 1720 1182 1794 videatur,

141 1808 168 1867 si
189 1807 275 1881 quod
295 1808 334 1866 ad
356 1805 475 1866 lacinus
495 1804 548 1865 tali
563 1805 792 1879 perturbatione
808 1813 980 1867 commotus
995 1803 1114 1865 animus
1129 1821 1182 1865 ae·

141 1888 279 1951 cesserit.
311 1890 361 1948 VI.
380 1887 431 1949 20.
448 1888 546 1961 Quum
561 1896 740 1949 autemnon
754 1888 949 1965 impulsione,
966 1905 1074 1950 verum
1087 1887 1179 1949 ratio-

141 1973 294 2032 cinatione
308 1972 443 2046 aliquem
458 1970 651 2032 commisisse
666 1971 741 2048 quid
755 1970 851 2046 dicet,
878 1973 954 2048 quid
968 1970 1120 2034 commodi
1139 1972 1184 2032 sit

140 2063 266 2116 secutus
288 2063 341 2116 aut
356 2054 430 2130 quid
444 2053 632 2115 incommodi
648 2054 772 2132 fugerit,
799 2057 1023 2118 demonstrabit
1036 2066 1066 2117 et
1078 2054 1111 2116 id
1125 2071 1182 2115 au·
1266 2052 1267 2127 ζ

139 2137 237 2214 gebin,
265 2155 357 2215 quam
377 2137 511 2198 maxime
530 2138 659 2215 poterit,
684 2148 732 2214 ut,
760 2140 864 2215 quoad
884 2140 953 2201 eius
975 2139 1043 2203 lieri
1067 2139 1181 2217 possit,

140 2223 254 2284 idonea
269 2239 362 2298 quam
376 2220 509 2283 maxime
524 2238 619 2283 causa
633 2223 675 2282 ad
688 2224 882 2298 peccandum
894 2223 1015 2286 hortata
1028 2222 1180 2284 videatur.
1266 2278 1267 2295 ,

111 2356 116 2363 .
140 2306 172 2366 Si
187 2306 303 2382 gloriae
319 2322 422 2379 causa,
441 2316 584 2382 quantam
595 2306 970 2381 gloriamconsecuturam
981 2305 1181 2376 existimarit;
1266 2336 1267 2373 2

138 2390 210 2452 item
226 2390 253 2450 si
268 2389 495 2463 dominationis,
517 2389 544 2450 si
558 2391 719 2465 pecuniae,
742 2389 770 2450 si
783 2390 943 2463 amicitiae,
965 2390 993 2451 si
1007 2388 1180 2451 inimicitia·
1266 2422 1267 2459 3

137 2490 219 2544 rum,
242 2482 272 2534 et
287 2473 411 2533 omnino
429 2472 580 2547 quidquid
595 2473 662 2544 erit,
685 2474 770 2547 quod
785 2490 899 2535 causae
915 2473 1010 2533 luisse
1025 2471 1123 2543 dicet,
1148 2472 1183 2532 id
1266 2472 1267 2489 ,

139 2570 257 2614 summe
278 2571 392 2630 augere
414 2553 547 2616 debebit.
583 2554 634 2616 21.
654 2557 693 2616 Et
707 2557 766 2617 boc
782 2574 853 2618 euru
867 2573 974 2633 magno
990 2566 1085 2631 opere
1101 2570 1181 2614 eon-

138 2637 275 2698 siderare
291 2638 459 2714 oportebit,
482 2654 545 2698 non
561 2637 635 2713 quid
650 2639 682 2700 in
696 2638 825 2703 veritate
838 2643 941 2715 modo,
961 2636 1180 2700 verumetiam

136 2722 365 2796 vehementiuS,
393 2721 467 2798 quid
487 2723 517 2784 in
541 2721 687 2799 opinione
708 2725 790 2798 eius,
819 2741 911 2800 quem
926 2732 1047 2802 armet,
1076 2721 1179 2783 luerit.

136 2807 216 2867 Nihil
237 2806 317 2868 enim
337 2807 431 2869 refert
453 2822 516 2868 non
537 2806 635 2868 luisse
656 2817 708 2868 aut
729 2825 790 2870 uon
803 2824 877 2869 esse
892 2807 1009 2884 aliquid
1024 2804 1179 2867 commodi

137 2902 189 2952 aut
202 2890 399 2964 incommodi,
415 2889 443 2952 si
458 2891 580 2953 ostendi
590 2899 695 2967 potest
706 2891 735 2951 el
748 2891 847 2952 visum
858 2907 940 2965 esse,
957 2891 1011 2968 qui
1022 2898 1177 2965 arguatur.

137 2974 213 3031 Nam
229 2974 335 3050 opinio
348 2973 512 3048 dupliciter
526 2975 603 3036 lallit
616 2975 767 3048 homines,
781 2991 875 3049 quum
891 2983 944 3035 aut
954 2990 1006 3034 res
1016 2974 1077 3033 alio
1089 2975 1184 3034 modo
1265 3034 1266 3037 ,

139 3066 196 3126 est,
210 3074 249 3118 ac
264 3063 405 3134 putatur,
420 3066 552 3119 autnon
567 3059 593 3119 is
609 3068 741 3119 eventus
759 3067 822 3130 est,
839 3074 931 3132 quem
946 3058 1086 3118 arbitrati
1100 3065 1183 3119 sunt.
1209 3100 1216 3103 -
1265 3062 1266 3065 ’

136 3139 199 3197 Res
213 3143 272 3201 alio
286 3141 380 3201 modo
393 3152 440 3201 est
451 3151 525 3215 tum,
541 3160 636 3216 quum
646 3150 699 3202 aut
710 3144 752 3216 id,
767 3143 852 3217 quod
863 3142 981 3204 bonum
998 3147 1056 3212 est,
1070 3143 1186 3200 malum

136 3234 253 3296 putant
275 3235 329 3287 aut
343 3236 458 3300 conua,
482 3225 567 3301 quod
581 3227 693 3285 malum
708 3234 764 3299 est,
786 3227 911 3300 bonum,
934 3234 995 3299 aut
1020 3222 1105 3300 quod
1119 3238 1178 3283 nec

137 3305 249 3361 molum
263 3316 311 3364 est
325 3324 382 3366 nec
396 3310 521 3381 bonum,
543 3309 656 3370 malum
670 3316 722 3368 aut
735 3309 860 3386 bonum,
882 3318 943 3381 aut
966 3307 1052 3384 quod
1065 3308 1179 3366 malum

138 3390 190 3471 aut
201 3383 317 3442 bonum
332 3396 388 3459 est,
403 3406 462 3448 nec
477 3392 589 3452 malum
604 3407 661 3451 nec
677 3391 800 3450 bonum.
822 3391 873 3453 22.
888 3392 957 3451 Hoc
967 3391 1134 3463 intellecto,
1150 3390 1180 3450 si

138 3474 192 3530 qur
212 3463 335 3534 negabit
355 3482 427 3528 esse
447 3472 540 3531 ullam
560 3473 724 3548 pecuniam
745 3474 846 3536 fratris
869 3481 921 3534 aut
942 3472 1033 3535 amici
1047 3473 1111 3534 vitu
1126 3483 1180 3535 aut
