2575 3892
99 160 162 226 200
471 161 522 219 DE
538 160 771 219 INVENTIONE

99 331 209 374 manus
230 314 270 374 ad
291 329 326 373 se
347 314 523 373 tendentem
544 311 679 371 animum
699 313 913 381 adverterunt;
934 315 1152 379 misericordia

100 398 244 459 commoti
265 412 375 456 navem
397 396 437 456 ad
452 413 523 457 eum
537 396 746 471 applicarunt,
767 395 923 458 homiuem
938 398 979 457 ad
994 414 1030 458 se
1045 410 1151 463 sustu-

99 486 207 541 lerunt.
229 479 301 543 154.
321 481 434 541 Postea
448 482 605 556 aliquanto
620 480 709 554 ipsos
726 494 852 555 quoque
866 486 1036 556 tempestas
1051 486 1147 545 vehe-

99 567 231 625 mentius
246 566 360 625 iactare
377 566 488 640 coepit,
502 578 604 639 usque
619 564 708 637 adeo,
728 569 764 623 ut
776 561 920 626 dominus
936 567 1033 641 navis,
1049 586 1147 643 quum

100 650 181 709 idem
202 651 390 724 guberuator
410 656 508 722 esset,
530 649 561 707 in
577 648 725 722 scapham
741 650 922 723 confugeret
935 655 967 709 et
979 649 1051 710 iude
1066 654 1150 713 luni—

101 737 180 807 culo,
197 735 249 809 qui
264 750 283 791 a
297 734 397 809 puppi
410 734 556 807 religatus
568 732 717 810 scapham
731 733 883 792 adnexam
898 732 1047 810 trahebat,
1062 740 1145 811 navi,

101 819 205 892 quoad
221 826 343 892 posset,
357 817 585 886 moderaretur;
606 818 656 876 ille
671 823 787 891 autem,
809 817 897 877 cuius
912 833 1033 878 merces
1058 829 1147 882 erant

101 903 130 959 in
138 902 218 973 navi,
232 902 263 960 in
278 901 413 974 gladium
424 902 538 961 ibidem
548 901 747 962 incumberet.
775 901 834 960 Hic
854 900 905 962 ille
919 903 1088 978 nauiragus
1104 906 1148 964 ad

100 986 341 1059 gubernaculum
356 986 489 1046 accessit
502 993 533 1046 et
546 986 632 1057 navi,
659 985 760 1059 quoad
774 986 888 1059 potuit,
903 992 953 1045 est
965 987 1144 1063 opitulatus.

102 1068 225 1129 Sedatis
241 1077 342 1129 autem
356 1067 500 1130 fluctibus
515 1075 546 1128 et
558 1075 741 1143 tempestate
755 1069 815 1128 iam
833 1077 1017 1130 commutata
1052 1073 1156 1132 navis.

100 1154 129 1210 in
143 1160 265 1227 portum
281 1154 467 1228 pervehitur.
490 1155 544 1213 llle
559 1159 670 1226 autem,
687 1153 740 1227 qui
757 1155 787 1211 in
802 1153 938 1226 gladium
953 1155 1147 1229 incubuerat,

101 1238 208 1296 leviter
227 1239 354 1297 saucius
376 1237 466 1296 facile
487 1252 526 1295 ex
540 1238 668 1295 vulnere
691 1242 739 1295 est
751 1244 919 1297 recreatus.
940 1238 1056 1298 Navem
1072 1255 1144 1299 cum

101 1336 195 1379 onere
220 1321 332 1379 horum
355 1320 445 1379 trium
471 1336 558 1379 suam
579 1321 714 1394 quisque
739 1334 812 1380 esse
838 1321 918 1381 dicit.
952 1321 1009 1380 Hic
1031 1336 1143 1382 onmes

100 1405 216 1479 scripto
238 1404 279 1463 ad
300 1419 427 1463 causam
448 1397 651 1464 accedunt'et
670 1408 709 1463 ex
723 1403 856 1464 nominis
871 1405 903 1464 vi
915 1404 1052 1464 nascitur
1068 1421 1143 1464 eon-

101 1487 259 1549 troversia.
281 1488 360 1547 Nam
374 1494 403 1547 et
416 1488 591 1564 relinquere
606 1502 716 1548 uavmn
730 1496 761 1549 et
774 1502 933 1549 remanere
948 1489 979 1550 iu
993 1491 1073 1565 navi,
1089 1490 1144 1549 de·

99 1573 193 1649 nique
208 1575 296 1633 navis
313 1572 383 1647 ipsa
404 1573 479 1647 quid
498 1572 551 1648 sit,
574 1572 802 1632 definitionibus
821 1580 994 1647 quaeretur.
1027 1573 1144 1633 lisdem

100 1664 202 1717 autem
223 1673 262 1716 ex
284 1657 362 1716 locis
384 1656 544 1729 omnibus,
567 1657 678 1730 quibus
694 1655 851 1718 definitiva
866 1656 1058 1732 constitutio,
1080 1665 1142 1716 tra-

102 1743 238 1802 ctabitur.
319 1760 323 1768 ·

184 1823 256 1887 155.
277 1826 374 1901 Nunc,
390 1825 541 1902 expositis
557 1825 595 1885 iis
610 1825 940 1899 argumentationibuS,
957 1840 1038 1901 quae
1051 1827 1081 1884 in
1096 1826 1141 1884 iu-

98 1909 208 1970 diciale
227 1926 391 1970 causarum
410 1926 510 1985 genus
531 1910 817 1982 accommodantur,
831 1910 993 1986 ¹deinceps
1015 1911 1046 1968 in
1067 1911 1141 1969 deli·
1173 1930 1176 1937 ·
1260 1899 1261 1914 ¹

92 1995 268 2053 -berativum
288 2008 387 2068 genus
410 2001 441 2054 et
461 1993 733 2055 demonstrativum
754 1995 987 2068 argumentandi
1010 1995 1094 2055 locos
1111 2001 1142 2052 et

98 2084 266 2152 praecepta
290 2079 447 2153 dabimus,
475 2092 537 2137 non
565 2093 626 2152 quo
651 2093 714 2137 non
739 2078 771 2138 in
796 2079 900 2152 aliqua
925 2079 1143 2138 constitutione

99 2161 198 2221 omnis
213 2177 337 2238 semper
352 2177 448 2223 causa
462 2168 608 2235 versetur,
625 2162 683 2222 sed
698 2162 770 2237 quia
785 2162 904 2238 proprii
918 2157 1019 2224 tamen
1034 2161 1142 2220 harum

99 2262 262 2307 causarum
278 2247 402 2322 quidam
417 2247 476 2306 loci
492 2254 571 2320 sunt,
586 2260 648 2306 non
661 2263 680 2305 a
691 2246 909 2307 constitutione
924 2246 1067 2321 separati,
1084 2244 1142 2304 sed

99 2331 138 2388 ad
155 2331 234 2390 fines
250 2330 361 2391 horum
375 2346 523 2405 generum
537 2330 771 2390 accommodati.
800 2327 872 2391 156.
894 2329 969 2388 Nam
990 2330 1091 2403 placet
1110 2329 1143 2386 in

99 2415 231 2473 iudiciali
243 2430 357 2487 genere
368 2416 460 2475 finem
473 2429 545 2473 esse
559 2416 752 2489 aequitatem
767 2414 828 2473 hoc
839 2422 895 2486 est,
911 2420 1028 2487 partem
1044 2428 1141 2485 quan-

99 2499 168 2554 dam
183 2497 364 2556 honestatis.
394 2499 428 2559 ln
445 2498 644 2557 deliberativo
660 2506 761 2558 autem
774 2496 930 2557 Aristoteli
944 2494 1046 2568 placet
1060 2493 1139 2552 utili-

97 2586 205 2654 tatem,
227 2580 318 2639 nobis
339 2586 370 2639 et
382 2580 574 2640 honestatem
595 2588 625 2640 et
644 2581 820 2648 utilitatem
842 2581 873 2640 in
889 2578 1140 2651 demonstrativo,

98 2664 300 2724 honestatem.
331 2663 431 2738 Quare
452 2664 483 2722 in
504 2664 564 2725 hoc
582 2679 708 2741 quoque
728 2677 842 2739 genere
859 2677 973 2724 causae
988 2661 1141 2736 quaedam

98 2749 378 2823 argumentationes
391 2750 590 2809 communiter
602 2765 638 2809 ac
654 2750 791 2809 similiter
804 2747 1030 2813 tractabuntum
1046 2759 1140 2820 quae-

99 2834 169 2893 dam
181 2833 353 2909 separatius
366 2834 406 2892 ad
418 2834 519 2906 finem,
536 2849 597 2908 quo
610 2832 719 2894 referri
732 2846 853 2893 omnem
865 2832 1033 2891 orationem
1048 2844 1140 2902 opor-

98 2923 148 2990 tet,
164 2918 377 2993 adiungentur.
404 2918 507 2991 Atque
521 2918 613 2976 unius
628 2918 780 2991 cuiusque
795 2914 1021 2976 constitutionis
1037 2927 1139 2971 exem-

98 3002 182 3074 plum
194 3017 374 3078 supponere
384 3016 446 3060 non
458 3015 665 3074 gravaremur,
678 3000 739 3061 nisi
751 3000 825 3060 illud
837 3001 1023 3072 videremus,
1035 3009 1139 3071 quem-

99 3086 264 3147 admodum
284 3102 336 3146 res
358 3084 510 3145 obscurae
531 3084 663 3143 dicendo
683 3084 793 3143 fierent
814 3085 1001 3159 apertiores,
1024 3080 1069 3140 sic
1088 3093 1141 3138 res

98 3175 221 3238 apertas
244 3170 441 3230 obscuriores
462 3168 529 3229 fieri
551 3168 699 3229 oratioue.
738 3167 827 3228 Nunc
852 3168 892 3228 ad
911 3162 1139 3225 deliberationis

99 3256 265 3318 praecepta
279 3266 454 3323 pergamus.

181 3327 242 3381 Lll.
266 3326 337 3385 157.
359 3334 473 3390 Rerum
494 3335 738 3407 expetendarum
759 3335 817 3393 tria
836 3350 953 3408 genera
974 3337 1062 3399 sunt;
1084 3344 1141 3403 par

98 3410 197 3458 autem
226 3420 371 3464 numerus
397 3412 590 3474 vitandarum
617 3432 656 3474 ex
685 3419 838 3475 contraria
858 3423 956 3491 parte.
995 3414 1072 3473 Nam
1093 3421 1141 3470 est
