2575 3892
86 185 125 241 ιι
297 176 438 249 ‚utana
452 177 490 233 n.
513 134 596 235 cen.
610 182 732 234 m-aa
754 180 780 238 s.
796 181 916 236 ca-cn
1079 172 1139 236 173

89 326 286 393 ulciscendo
294 326 514 401 propulsamus
529 323 653 385 anobis
669 332 700 384 el
713 341 732 383 a
746 323 870 397 nostrie,
896 324 949 399 qui
963 325 1053 386 nobis
1070 341 1142 386 esse

91 411 160 472 cari
185 411 314 481 debent,
343 416 374 469 et
393 425 450 482 per
471 424 564 483 quam
578 415 708 482 peecata
721 405 880 483 punimur;
907 408 1143 483 observantiam,

89 511 152 571 per
168 511 260 569 quam
274 499 376 552 aetate
391 500 443 552 aut
457 491 609 567 sapientia
623 500 676 551 aul
688 491 807 552 honore
818 498 871 551 aut
881 490 985 566 aliqua
997 491 1142 568 dignitate

91 578 316 640 antecedentes
331 591 474 636 veremur
489 584 519 636 et
534 575 684 645 colimus;
708 572 883 646 veritatem,
911 590 968 649 per
983 591 1075 649 quam
1089 577 1142 635 da·
1219 601 1221 605 ¹

91 679 166 721 mus
182 675 317 734 operam,
339 676 379 718 ne
395 660 469 734 quid
484 659 580 732 aliter,
605 675 699 735 quam
713 657 1009 732 confirmaverimus
1025 658 1078 718 liat
1092 668 1144 719 aut

93 747 213 806 laetum
233 751 286 804 aut
305 744 439 803 laturum
459 743 507 804 sit.
543 740 594 809 67..
616 744 664 802 Ao
679 752 807 803 naturae
823 741 948 818 quidem
963 740 1030 803 iura
1044 741 1144 822 minus

92 829 167 904 ipsa
183 834 371 902 quaeruntur
386 828 427 887 ad
439 827 519 887 hane
534 826 794 900 controversiam,
821 826 906 902 quod
921 841 1024 900 neque
1037 824 1069 883 in
1085 826 1144 886 hoe

48 953 50 957 ψ
94 911 184 972 civili
196 912 263 971 iure
278 918 439 971 versantur
454 920 484 971 et
498 926 517 970 a
533 908 652 987 vulgari
665 909 865 986 intelligentia
878 909 1045 971 remolIora
1058 916 1143 977 sunt;

96 996 140 1054 ad
162 994 391 1055 similitudinem
410 1011 486 1057 vero
508 995 644 1069 aliquam
665 1004 718 1055 aut
739 995 781 1054 ad
804 1011 870 1055 rem
896 992 1145 1070 amplificandam

97 1094 197 1153 saepe
212 1086 284 1138 sunt
297 1078 467 1139 inserenda.
500 1078 739 1139 Consuetudinis
754 1074 920 1138 antemius
936 1093 1009 1139 esse
1022 1084 1146 1151 putatur

95 1162 146 1235 id,
174 1163 259 1239 quod
279 1164 434 1223 voluntate
456 1161 590 1239 omnIum
606 1162 673 1222 sine
690 1164 760 1236 lege
775 1170 913 1222 vetustas
929 1160 1145 1235 comprobarit.

94 1248 132 1305 In
154 1263 193 1305 ea
207 1254 308 1305 autem
324 1247 477 1321 quaedam
492 1257 564 1306 sunt
578 1245 645 1305 iura
657 1246 729 1321 ipsa
743 1244 803 1305 iam
818 1254 902 1306 carta
915 1251 1045 1320 propter
1059 1252 1146 1306 vetu-

98 1338 218 1390 statem.
256 1329 321 1402 Quo
342 1330 374 1389 in
395 1345 510 1404 genere
532 1327 644 1389 etalio
664 1337 735 1390 sunt
755 1331 850 1390 multa
870 1336 901 1390 el
921 1345 1029 1391 eorum
1049 1330 1144 1389 multo

98 1412 233 1472 maxima
248 1429 331 1487 pars,
348 1430 429 1487 quae
444 1422 605 1488 praetores
620 1413 745 1474 edicere
761 1421 957 1474 consuerunt.
989 1411 1146 1485 Quaedam

99 1504 204 1555 autem
219 1510 334 1567 genera
347 1495 422 1554 iuris
436 1495 500 1555 lam
513 1504 598 1555 certa
612 1494 837 1557 consuetudine
852 1498 932 1555 laeta
947 1503 1033 1566 sunu
1061 1497 1146 1570 quod

100 1595 201 1655 genus
235 1585 367 1652 paetum,
390 1594 455 1652 par,
471 1577 649 1638 iudicatum.
684 1577 735 1638 68.
755 1577 880 1638 Pactum
895 1586 951 1649 est,
968 1578 1053 1653 quod
1067 1578 1146 1637 inter

101 1679 184 1738 quos
199 1660 353 1733 convenit,
370 1663 454 1736 quod
469 1659 530 1719 iam
540 1659 707 1721 itaiustum
716 1668 849 1736 putatur,
864 1661 974 1734 uliure
986 1669 1146 1736 praestare
1178 1676 1182 1679 “

102 1747 232 1806 dicatur.
264 1744 337 1816 Par,
360 1745 445 1818 quod
458 1744 489 1803 in
505 1759 613 1804 omnes
628 1743 792 1820 aequabile
807 1753 863 1805 est.
899 1744 1084 1817 iudicatum,
1107 1744 1145 1805 de

102 1846 165 1906 quo
187 1828 248 1888 iam
270 1835 340 1888 ante
362 1827 515 1888 sententia
535 1827 665 1889 alieuius
687 1836 739 1891 aut
760 1826 933 1904 aliquorum
948 1827 1147 1889 constitutum

101 1921 158 1974 est.
194 1913 259 1973 lam
279 1909 347 1972 iura
367 1910 502 1986 legitima
521 1929 561 1972 ex
582 1912 702 1987 legibus
724 1911 873 1986 cognosci
893 1911 1055 1987 oportebit
1090 1911 1146 1972 His
1211 1942 1213 1945 ·
1259 1904 1260 1909 ’

101 2012 175 2071 ergo
192 2012 232 2056 ex
246 1995 385 2071 partibus
399 1995 490 2070 iuris,
516 1995 668 2072 quidquid
682 2004 734 2057 eut
749 2012 789 2056 ex
802 1994 873 2070 ipsa
885 2011 919 2056 re
934 2003 987 2056 aut
1000 2011 1039 2056 ex
1055 1993 1146 2056 simili

102 2087 155 2140 aut
177 2097 216 2141 ex
236 2079 353 2140 maiore
376 2079 535 2140 minoreve
561 2079 648 2140 nasci
673 2077 842 2152 videbitur,
868 2080 1026 2141 attendere
1053 2087 1145 2155 alque
1171 2084 1182 2092 ⁴

38 2241 40 2244 y
102 2162 216 2223 elicere
231 2163 467 2238 pertemptando
482 2181 575 2228 unum
591 2165 747 2240 quamque
762 2161 838 2223 iuris
853 2171 971 2239 partem
983 2162 1145 2238 oportebit.

99 2247 256 2306 Locorum
280 2255 382 2307 autem
404 2246 610 2307 communium
631 2247 791 2322 quoniam,
817 2255 940 2307 utente
961 2246 1146 2315 dictumest,

102 2331 166 2390 duo
183 2345 298 2405 genera
312 2338 392 2403 suut,
416 2347 548 2404 quorum
562 2333 604 2392 alt
592 2339 691 2392 terum
706 2329 818 2391 dubiae
831 2330 885 2401 rei,
903 2332 944 2391 all
933 2338 1030 2391 lerum
1046 2338 1109 2389 cert
1110 2344 1147 2387 ae

103 2429 163 2488 eon
166 2412 241 2475 tinet
255 2412 535 2489 amplificationem,
552 2415 649 2510 quid
641 2431 713 2489 ipsa
727 2430 824 2474 causa
838 2414 890 2474 det
892 2421 945 2487 ,et
957 2412 1031 2488 quid
1042 2409 1148 2486 angeri

27 2560 29 2563 ,
102 2514 183 2577 per
184 2512 376 2558 communem
401 2499 505 2560 locum
528 2498 631 2573 possit
654 2506 688 2559 et
712 2505 868 2586 oporteat,
841 2496 1146 2558 teonslderabitur

28 2646 30 2651 ‚
101 2583 178 2640 Nam
199 2583 289 2653 certi,
317 2580 415 2656 quiin
431 2598 539 2644 omnes
555 2581 709 2655 incidant,
718 2575 797 2642 loci
810 2580 981 2677 praescribi
996 2598 1058 2641 non
1073 2595 1147 2656 pos

104 2670 189 2733 sunt;
215 2662 247 2722 in
266 2664 424 2758 plerisque
445 2666 577 2726 fortasse
598 2666 637 2724 alo
653 2665 783 2726 auctorit
784 2674 833 2725 ate
847 2664 921 2726 iuris
937 2666 1148 2725 consultorum

105 2746 475 2808 etoontraauetoritatem
486 2748 548 2807 dici
560 2748 785 2823 oportebibt
701 2750 785 2808 tAt
786 2749 974 2809 tendendum
985 2755 1033 2809 est
1045 2755 1147 2808 autem

105 2829 180 2891 etin
194 2829 252 2889 hae
267 2837 298 2889 et
311 2830 343 2888 in
358 2830 517 2904 omnibus,
543 2848 617 2890 num
632 2848 712 2906 quos
726 2833 816 2893 locos
830 2847 1010 2892 communes
1025 2840 1148 2907 praeter

106 2928 170 2985 eos,
203 2932 283 2998 quos
300 2932 359 2977 nos
374 2915 574 3010 exponimus,
603 2930 674 2988 ipsa
687 2931 738 2975 res
754 2917 905 2977 ostendat
941 2916 1029 2975 Nune
1044 2914 1148 2975 iuridi-

107 2995 185 3058 ciale
197 3013 297 3071 genus
313 3004 343 3057 et
357 3004 462 3072 partes
477 2996 545 3058 eius
560 2997 802 3060 consideremus

181 3080 288 3142 XXIII.
312 3079 364 3142 69
380 3079 627 3142 Iuridicialist
579 3090 636 3155 cst,
652 3080 684 3142 in
700 3099 762 3158 quo
777 3083 870 3159 aequi
884 3091 915 3145 et
928 3079 1027 3159 iniqui
1040 3091 1149 3142 natura

106 3172 135 3225 et
154 3164 282 3241 praemii
303 3172 357 3225 aut
375 3181 497 3241 poenae
518 3173 564 3226 ra
565 3182 596 3226 ro
622 3167 788 3242 quaeritur
824 3165 923 3231 Huius
948 3175 1052 3242 partes
1076 3173 1149 3227 sunt

28 3306 29 3309 ,
106 3247 192 3321 duae,
215 3265 345 3325 quarum
358 3249 401 3311 alt
389 3256 485 3311 teram
500 3249 687 3324 absolutam,
709 3249 936 3326 adsumptiuam
950 3251 1076 3311 alteram
1091 3266 1146 3308 no-

107 3329 262 3393 minamus.
299 3332 452 3395 Absoluta
467 3341 530 3407 est,
552 3349 632 3408 quae
647 3333 718 3408 ipsa
731 3332 762 3392 iu
778 3348 829 3406 se,
847 3349 912 3393 non
927 3341 961 3394 ιιι
980 3328 1145 3403 negotialis

28 3442 29 3497 j
108 3410 246 3489 implicite
266 3425 296 3477 et
317 3415 514 3491 abscondite,
540 3418 598 3479 sed
622 3416 777 3492 patentius
791 3422 823 3476 et
836 3414 1010 3501 expeditius
1025 3409 1099 3468 reoli
1115 3414 1146 3463 et
