2575 3892
376 228 492 289 LIBER
506 229 543 286 ll.
566 227 650 286 CAP.
664 234 777 286 ιδῃ-ιε»
799 232 824 292 5
839 234 962 289 35—39.
1021 239 1023 242 '
1136 228 1176 292 ³1

140 394 196 457 est,
217 382 276 442 hoc
291 379 400 440 modo:
423 378 536 470 Magno
552 378 631 435 melo
647 384 696 435 est
709 376 883 438 hominibus
898 379 1035 455 avaritia,
1050 379 1176 459 idcirco,

69 465 71 470 ’
139 467 224 543 quod
245 462 388 523 homines
409 475 529 533 mamis
552 466 582 517 e
570 457 708 518 tmultis
733 458 935 523 incommodis
962 463 1177 526 conflictantur

136 556 266 625 propter
279 546 461 605 immensum
475 540 626 617 pecuniae
642 540 848 616 cupiditatem
870 543 946 603 Nam
959 544 1009 603 hic
1023 547 1092 607 aliis
1106 566 1174 608 ver-

136 633 187 691 bis
209 631 292 689 idem
306 643 363 703 per
376 625 524 685 rationem
539 623 618 684 dicit
601 631 665 698 t‚ur
692 625 776 699 quod
792 624 855 685 dict
843 632 906 685 tum
920 635 968 687 est
981 644 1037 701 per
1051 632 1174 705 exposi-

135 714 264 776 tionem
301 711 376 772 Item
389 708 507 767 infirma
521 707 599 767 ratio
615 716 672 781 est,
694 724 775 783 quae
788 707 890 770 minus
905 708 1062 786 idoneam,
1086 731 1176 787 quam

136 812 190 855 res
205 794 354 874 postulat,
371 808 496 852 causam
510 790 633 852 subiicit
647 790 868 867 expositionis,
883 794 943 853 hoc
958 794 1066 855 modo:
1087 795 1176 856 Utilis

138 887 188 939 est
208 875 374 952 sapientia,
396 882 562 951 propterea
583 876 675 951 quod·
683 874 736 951 qui
751 874 909 951 sopientes
925 884 1011 949 sunl,
1032 877 1176 952 pietatem

138 963 241 1022 colere
262 966 458 1022 consuerunt.
500 960 591 1019 ltem:
622 957 700 1018 Utile
720 967 769 1019 est
788 958 905 1021 amicos
926 976 1020 1020 veros
1045 961 1176 1031 haberc;

136 1046 257 1104 habeas
276 1042 357 1104 enim
378 1041 562 1117 quibuscum
583 1040 679 1102 iocari
700 1042 816 1118 possis.
851 1043 928 1104 Nem
947 1042 980 1103 in
1000 1042 1176 1105 huiusmodi

136 1125 309 1200 rationibus
329 1142 390 1190 non
412 1125 558 1186 universa
579 1141 681 1201 neque
696 1126 853 1201 absoluta,
877 1128 936 1187 sed
950 1135 1115 1187 extenuata
1128 1143 1174 1185 ra-

136 1210 222 1273 tione
237 1208 392 1285 expositio
407 1208 611 1269 confirmatur.
639 1210 713 1269 Item
728 1208 849 1269 infirma
861 1209 939 1270 ratio
954 1218 1009 1283 est,
1032 1226 1112 1286 quae
1127 1211 1177 1269 vel

136 1294 189 1355 elii
204 1291 392 1368 expositioni
406 1308 449 1368 po
450 1300 510 1353 test
524 1291 768 1366 accommodari,
793 1301 827 1353 ιιι
842 1292 913 1354 lacit
926 1292 1095 1369 Pacuvius,
1123 1291 1176 1368 qui

137 1378 277 1438 eamdem
290 1376 391 1437 adfert
402 1376 562 1452 rationem,
578 1391 673 1452 quare
688 1370 791 1452 caeca,
806 1378 946 1438 eamdem
954 1394 1073 1452 ‚quare
1087 1377 1177 1437 bruta

137 1464 262 1528 fortuna
292 1458 418 1521 dicamr.
455 1458 505 1524 38.
526 1461 560 1518 ln
582 1459 814 1521 confirmatione
835 1460 963 1522 rationis
978 1463 1073 1521 multa
1087 1469 1117 1519 et
1130 1459 1174 1518 vi-

136 1542 252 1602 tanda
243 1558 276 1601 ιιι
290 1551 396 1602 nostra
410 1550 441 1602 et
456 1542 672 1602 observanda
664 1560 695 1601 ιιι
710 1542 958 1604 adversariorum
971 1545 1090 1605 ratione
1106 1551 1177 1603 sunt

139 1624 228 1697 vitia,
243 1632 470 1700 proptereaque
485 1624 619 1700 diligent
611 1641 660 1684 rus
676 1624 916 1699 consideranda,
933 1628 1016 1700 quod
1032 1633 1177 1687 accurata

139 1707 330 1766 confirmatio
351 1706 479 1767 rationis
502 1714 596 1765 totam
610 1706 880 1767 vehementissime
894 1710 1074 1780 comprobat
1087 1724 1174 1781 argu-

138 1788 367 1849 mentationem.
388 1788 520 1847 Utuntur
533 1786 625 1862 igitur
640 1785 779 1846 studiose
787 1787 817 1845 in
834 1789 1044 1848 confirmanda
1057 1790 1175 1849 ratione

139 1871 254 1948 duplici
271 1870 487 1944 conclusione,
501 1871 561 1930 hoc
575 1871 683 1929 modo:
705 1892 709 1899 ·
744 1891 749 1894 ⁴

289 1956 410 2016 Iniuria
421 1956 474 2016 abs
483 1963 511 2013 te
522 1955 650 2026 adficior
660 1954 794 2027 ιἰιιιιιι,
803 1960 912 2029 puter,-

290 2034 366 2099 llum
376 2041 405 2098 se·
413 2037 576 2113 improbum
589 2037 796 2111 Cresphontem
806 2039 1038 2112 exr'str'mooeras,
1058 2067 1061 2071 r

291 2122 352 2181 Cur
361 2137 407 2181 ιιι
420 2122 490 2181 huic
500 2121 620 2181 lacobus
630 2116 764 2196 nuptiis?
784 2124 830 2181 sin
841 2123 1012 2197 estprobus

292 2205 352 2264 Cur
362 2208 449 2264 lolem
461 2205 582 2263 inritum
593 2205 714 2263 inuitum
724 2206 805 2276 copis
814 2202 971 2278 linquere?

139 2290 222 2363 Quae
236 2288 297 2347 hoc
311 2288 405 2346 modo
422 2287 651 2359 concludentur,
667 2293 720 2346 aut
734 2301 775 2346 ex
789 2288 941 2347 contrario
957 2297 1175 2352 convertentur

138 2382 190 2434 aut
202 2388 241 2432 ex
253 2368 385 2445 simplici
396 2377 482 2444 parte
493 2368 765 2444 reprehendentur.
779 2369 986 2431 Excontrario
998 2371 1174 2433 hocmodo:

51 2455 54 2458 ’
268 2465 270 2471 ’
311 2456 404 2517 Nulla
418 2456 593 2529 teindiorro,
610 2461 693 2523 ιιιι,
717 2451 958 2525 adficio'r'm'uria,

310 2537 346 2604 Si
351 2537 463 2612 probru
472 2543 523 2609 est,
538 2539 698 2608 collocam-
714 2540 761 2596 sin
770 2543 815 2597 est
823 2539 980 2613 improbes,

308 2620 477 2681 Divertiotc
487 2621 616 2680 iberobo
627 2622 825 2680 incommodis

138 2704 185 2763 Ex
201 2701 331 2777 simplici
346 2711 432 2776 parte
447 2701 673 2776 reprehendent
673 2720 724 2776 ur,
746 2703 773 2763 si
788 2719 828 2762 ex
843 2702 957 2779 duplici
974 2704 1174 2764 conclusione

140 2789 181 2845 alt
182 2794 284 2844 erutra
298 2801 371 2857 pars
386 2785 527 2858 diluetur,
541 2784 601 2844 hoc
615 2787 725 2846 modo:

292 2867 369 2925 Nom
379 2884 405 2926 ιι
400 2869 578 2941 improbum
590 2867 796 2943 Cresphontem
807 2847 1041 2941 existimomus,

294 2949 354 3009 Cur
363 2964 410 3009 mc
418 2950 489 3008 Ιιιιι
496 2949 618 3007 lucebas
631 2949 766 3023 nuptiis?
777 2982 821 2993 —
833 2951 918 3009 Duxi
924 2951 1068 3024 procum,-

290 3033 421 3105 orrum·
434 3034 637 3109 postcoonooi
658 3032 949 3106 etsuoiocopnitum.

138 3115 229 3178 XXV.
251 3116 302 3178 39.
317 3116 398 3192 Ergo
420 3113 818 3192 reprehensio‘huiusmodi
833 3115 1041 3179 conclusionis
1057 3121 1173 3196 duplex

44 3227 50 3234 ·
140 3208 201 3271 est;
224 3201 342 3262 acutior
356 3200 408 3260 illa
423 3199 579 3278 superior,
601 3198 721 3261 facilior
733 3198 811 3261 haec
824 3199 978 3278 posterior
992 3204 1031 3262 ad
1047 3204 1172 3279 excogi-

140 3286 272 3345 tandum.
307 3286 382 3344 ltem
401 3284 514 3345 vitiosa
533 3283 723 3345 confirmatio
739 3291 786 3345 est
798 3283 941 3360 rationis,
964 3303 1059 3361 quum
1077 3304 1115 3347 ea
1128 3303 1173 3358 re,

141 3384 219 3444 quae
224 3368 330 3444 plures
338 3384 388 3428 res
396 3367 558 3444 significat,
572 3368 724 3428 abutimur
734 3384 791 3444 pro
807 3376 890 3429 certo
905 3368 998 3429 unius
1012 3368 1057 3427 rei
1073 3368 1172 3439 signo,

137 3450 197 3511 hoc
216 3451 325 3512 modo?
346 3450 483 3512 Necesse
505 3459 567 3521 est,
587 3451 737 3527 quoniam
757 3451 866 3525 pallet,
887 3459 1082 3524 aegrotasse:
1103 3450 1170 3501 aut:
