2575 3892
116 165 160 218 as
361 153 477 213 risun
491 153 513 210 1.
537 151 619 258 uer.
634 157 755 213 ac-sr.
778 156 804 218 s.
819 159 941 214 sr-se.
1107 149 1168 212 135

119 303 344 385 propositione
365 300 628 377 approbationem.
667 300 721 362 Sin
736 309 837 363 autem
851 301 894 362 ita
908 310 970 376 est,
995 303 1105 363 laisum
1122 312 1171 364 est
1263 278 1264 363 J

120 407 192 452 non
207 404 279 450 esse
293 388 365 463 plus
380 402 473 462 quam
487 384 668 459 tripertitam
683 384 984 458 argumentationem.
1004 383 1055 448 sl.
1072 386 1170 446 Simili
1263 392 1264 423 ³

119 475 222 535 modo
243 472 340 547 liquet
359 470 484 529 alteram
500 484 626 544 quoque
640 466 895 543 approbationem
911 478 1083 544 separatam
1097 480 1170 531 esse

119 559 166 618 ab
189 551 416 629 adsumptione.
453 550 486 612 Si
502 551 636 627 quadam
649 551 681 610 in
696 549 960 625 argumentatione
975 551 1049 612 satis
1064 560 1112 615 est
1125 553 1170 615 uti

120 636 347 714 adsumptione
368 643 399 696 et
418 651 480 696 non
502 642 624 711 oportet
643 632 812 709 adiungere
836 633 1091 710 approbationem
1115 639 1170 697 ad-

122 719 307 797 sumptioni,
332 719 464 795 quadam
478 727 581 779 autem
595 717 627 777 in
641 716 907 794 argumentatione
920 716 1041 777 infirma
1055 726 1103 778 est
1117 720 1171 778 ad·
1263 786 1264 793 ἵ

122 803 280 881 sumptio,
305 801 366 864 nisi
385 801 530 863 adiuncta
551 799 590 862 sit
604 800 805 878 approbatio,
833 808 1009 877 separatum
1025 799 1170 877 quiddam

121 899 217 950 extra
231 885 480 962 adsumptionem
495 893 543 946 est
553 884 746 961 approbatio.
768 886 824 945 Est
835 892 937 945 autem
948 883 1170 959 argumentatio

125 972 291 1047 quaedam,
305 970 337 1030 in
350 987 412 1045 qna
424 967 598 1044 adsumptio
611 985 674 1029 non
684 967 802 1044 indiget
813 967 1062 1044 approbationis;
1077 983 1170 1044 quae·

124 1057 201 1117 dam
220 1064 337 1130 autem,
362 1053 393 1113 in
410 1069 472 1130 qua
486 1051 560 1112 nihil
574 1053 657 1113 valet
671 1049 739 1112 sine
753 1048 993 1129 approbatione,
1020 1060 1053 1112 ut
1068 1059 1171 1113 osten·

124 1140 269 1201 demus.x
292 1136 442 1215 Separata
472 1135 565 1212 igitur
594 1145 642 1197 est
664 1134 716 1196 ‘ab‘
737 1134 954 1210 adsumptione
976 1134 1171 1212 approbatio.

124 1222 334 1284 Ostendemus
346 1229 458 1294 autem,
472 1220 557 1296 quod
567 1217 696 1296 polliciti
704 1235 820 1291 sumus,
831 1218 1007 1281 hocniodo=
1023 1217 1074 1281 65.
1087 1218 1171 1292 Quae
1263 1234 1264 1247 ¹

123 1305 326 1382 perspicuam
340 1302 484 1366 omnibus
497 1300 658 1364 veritatem
674 1302 809 1365 continet
822 1302 1014 1379 adsumptio,
1037 1301 1111 1362 nihil
1125 1300 1171 1361 in·
1263 1310 1264 1317 ’

125 1390 212 1462 diget
226 1385 470 1464 approbationis.
502 1387 548 1446 Ea
562 1395 610 1447 est
623 1385 815 1447 huiusmodi:
842 1385 876 1447 Si
891 1394 1013 1463 oportet
1025 1386 1106 1447 velle
1121 1401 1170 1446 sa-

126 1487 220 1546 pere,
246 1472 321 1530 dare
336 1485 464 1544 operam
477 1466 694 1544 philosophiae
710 1468 864 1530 convenit.
898 1471 982 1531 Haec
996 1467 1169 1545 propositio
1263 1534 1264 1537 Ἴ

126 1552 248 1628 indiget
260 1550 511 1628 approbationis;
527 1567 589 1614 non
604 1550 686 1611 enim
700 1551 926 1627 perspicuaest
936 1569 1038 1628 neque
1051 1560 1171 1612 constat

127 1635 209 1697 inter
231 1650 355 1705 omues,
381 1642 550 1711 propterea
570 1633 655 1708 quod
675 1634 761 1695 multi
775 1632 858 1693 nihil
864 1636 1017 1710 prodesse
1032 1634 1168 1712 philoso·

129 1717 249 1796 pbiam,
275 1716 417 1792 plerique
438 1714 530 1778 etiam
544 1716 659 1777 obesse
673 1715 864 1778 arbitrantur.
899 1717 1084 1794 Adsumptio
1101 1734 1168 1793 per.
1263 1710 1264 1719 ²

129 1801 241 1879 spicua
256 1809 320 1871 est;
335 1809 384 1862 est
397 1797 480 1861 enim
493 1798 586 1860 haec:
602 1796 730 1875 Oportet
743 1804 845 1861 autem
859 1800 939 1861 velte
953 1814 1075 1878 sapere.
1103 1802 1168 1862 Hoc

129 1886 204 1963 quia
216 1885 321 1961 ipsum
336 1901 377 1947 ex
391 1900 427 1947 se
441 1879 626 1961 perspicitur
641 1888 672 1945 et
684 1898 793 1944 verum
807 1899 880 1954 esse
894 1881 1079 1961 intelligitur,
1095 1881 1168 1944 nihil
1263 1904 1264 1907 ¹

128 1969 236 2032 attinet
256 1964 433 2046 approbari.
469 1967 570 2042 Quare
590 1966 692 2029 statim
712 1969 926 2029 concludenda
947 1977 995 2030 est
1008 1984 1170 2044 argaman·
1263 1970 1264 2015 ἶ

129 2053 212 2114 tatio.
234 2052 290 2114 Est
304 2069 378 2128 ergo
394 2048 570 2126 adsumptio
586 2052 747 2126 quaedam,
764 2068 844 2128 quae
858 2050 1091 2129 approbationis
1106 2068 1168 2113 non
1263 2088 1264 2095 κ

130 2135 261 2212 indiget3
289 2153 359 2196 nam
382 2135 536 2211 quandam
555 2132 695 2210 indigere
710 2135 909 2211 perspicuum
925 2142 982 2197 est.
1020 2135 1175 2223 Separata,
1263 2140 1264 2153 ³

132 2228 179 2280 est
198 2218 289 2294 igitur
304 2220 342 2279 ab
357 2217 576 2293 adsumptione
589 2218 782 2294 approbatio.
817 2218 941 2280 Falsum
955 2235 1029 2294 ergo
1045 2227 1168 2279 estnon
1263 2234 1264 2237 ¹

131 2319 202 2363 esse
220 2305 294 2378 plus
315 2319 408 2378 quam
422 2300 603 2377 tripertitam
617 2301 919 2376 argumentationem
949 2300 1098 2363 XXXVII.
1118 2300 1171 2363 66·

131 2388 231 2462 Atque
246 2402 287 2446 ex
300 2386 350 2446 his
364 2382 441 2446 iliud
455 2385 516 2446 iam
531 2383 730 2460 perspicuum
745 2386 800 2459 est,
824 2403 895 2447 esse
911 2386 1066 2463 quandam
1079 2402 1169 2463 argir-

133 2468 368 2543 mentationem,
388 2468 420 2529 in
436 2485 499 2544 qua
512 2484 614 2544 neque
629 2466 802 2545 propositio
818 2486 919 2551 neque
934 2468 1109 2547 adsumptio
1124 2469 1170 2529 in·

132 2553 231 2627 digeat
242 2548 485 2629 approbationis,
501 2550 686 2631 huiusmodi,
701 2560 735 2615 ut
747 2562 862 2615 certum
873 2552 1021 2633 quiddam
1034 2562 1064 2616 et
1073 2555 1171 2614 breve

133 2635 262 2711 exempli
277 2653 373 2696 causa
387 2646 559 2712 ponamus:
575 2634 609 2696 Si
623 2653 743 2697 summo
759 2654 854 2712 opere
870 2635 1022 2713 sapientia
1035 2636 1171 2716 petenda
1263 2650 1264 2659 ²

134 2725 194 2789 est,
215 2734 332 2778 summo
349 2734 445 2793 opere
460 2717 586 2779 stultitia
600 2716 725 2781 vitanda
738 2729 801 2781 est:
823 2736 942 2781 summo
958 2730 1059 2782 autem
1075 2736 1171 2795 opere

134 2799 283 2874 sapientia
303 2800 438 2874 petenda
457 2809 519 2862 est:
544 2819 663 2863 summo
684 2800 776 2879 igitur
796 2820 891 2880 opere
906 2801 1032 2864 stultitia
1045 2800 1171 2863 vitanda

135 2890 188 2943 est.
223 2881 281 2942 Hic
302 2889 334 2943 et
352 2883 527 2965 adsumptio
549 2892 580 2945 et
599 2885 771 2961 propositio
793 2885 960 2963 perspicua
981 2893 1045 2956 est;
1073 2901 1170 2961 quare

135 2974 239 3027 neura
254 2980 380 3042 quoque
394 2964 511 3042 indiget
524 2966 757 3044 approbatione.
778 2968 827 3030 Ex
840 2970 927 3031 hisce
942 2967 1084 3033 omnibus
1094 2968 1171 3030 illud

135 3051 330 3127 perspicuum
353 3058 402 3111 cst
421 3050 676 3126 approbationem
696 3060 760 3113 tum
780 3051 921 3130 adiungi,
948 3062 1012 3117 tum
1033 3070 1095 3115 non
1116 3053 1170 3113 ad-

135 3133 223 3209 iungi.
257 3133 306 3194 Ex
327 3151 389 3210 quo
411 3133 610 3209 cognoscitur
628 3152 731 3212 neque
745 3136 777 3197 in
791 3137 1008 3214 propositione
1022 3153 1124 3213 neque
1138 3136 1170 3196 in

135 3218 347 3294 adsumptione
373 3214 523 3279 contineri
546 3219 820 3294 approbationem,
843 3221 901 3282 sed
925 3231 1086 3297 utramque
1112 3236 1169 3279 suo
1193 3234 1196 3239 ’

136 3302 198 3362 loco
221 3301 353 3377 positam
374 3300 437 3362 vim
457 3319 545 3364 suam
565 3310 722 3385 tamquam
742 3312 856 3364 certam
877 3313 907 3366 et
920 3304 1078 3382 propriam
1093 3300 1169 3360 obti-
