2575 3892
130 228 165 284 63
339 219 454 280 LlBER
475 220 511 279 ll.
537 220 621 280 CAP.
645 229 764 283 13-14.
786 227 812 288 §-
834 226 955 282 tt-to.
1107 216 1166 278 165

131 389 271 448 comitem
283 395 345 448 tam
358 403 460 461 aequo
473 390 574 448 animo
588 387 756 461 reliquerit,
768 385 852 460 quod
865 396 1023 448 cruentum
1035 386 1169 462 gladium

129 470 278 531 habuerit.
314 472 367 533 44.
382 468 501 531 Horum
515 487 590 546 pars
605 470 644 530 ad
660 470 822 530 consilium
837 469 979 545 pertinet.
1009 471 1171 545 Quaeritur

129 555 225 626 enim,
241 562 343 615 utrum
357 555 499 615 videatur
514 555 677 630 diligenter
691 554 769 614 ratio
787 553 922 614 faciendi
936 569 1006 613 esse
1020 554 1123 616 habita
1138 561 1170 617 et

129 637 319 713 excogitata,
339 654 378 698 an
396 638 438 698 ita
452 647 585 711 temere,
605 646 639 698 ut
655 655 719 699 non
733 636 801 698 veri
817 636 915 698 simile
931 638 971 697 sit
985 652 1170 711 quemquam

126 727 190 782 tam
203 729 319 782 temere
335 723 375 783 ad
387 723 572 784 maleficiam
584 723 768 783 accessisse.
789 723 823 781 ln
841 737 902 796 quo
920 719 1085 795 quaeritur,
1097 738 1169 781 num

128 821 191 880 quo
208 804 268 866 alio
283 807 376 867 modo
394 807 587 869 commodius
602 804 739 882 potuerit
758 805 824 866 fieri
838 807 890 866 vel
904 820 923 863 a
939 805 1063 865 fortuna
1077 803 1170 863 admi-

126 888 260 950 nistrari.
300 891 377 951 Nam
393 906 498 967 saepe,
514 891 541 951 si
555 892 723 966 pecuniae,
739 889 929 961 adiumenta,
945 887 1103 948 adiutores
1118 887 1170 947 de·

128 971 198 1042 sint,
214 972 314 1033 fuisse
328 975 459 1034 facultas
478 974 611 1035 faciendi
626 991 690 1035 non
704 971 838 1033 videtur.
869 974 938 1032 Hoc
954 973 1048 1032 modo
1063 971 1090 1031 si
1106 969 1170 1030 dili-

127 1062 237 1131 genter
249 1056 454 1128 attendamus,
466 1065 540 1134 apta
554 1058 634 1119 inter
650 1074 685 1119 se
698 1072 771 1118 esse
781 1055 978 1132 intelligimus
989 1055 1077 1127 haec,
1090 1069 1171 1130 quae

125 1139 273 1216 negotiis,
288 1149 318 1201 et
331 1140 392 1214 illa,
408 1158 489 1216 qnae
504 1141 650 1217 personis
665 1147 739 1202 sunt
751 1140 905 1201 attributa.

206 1225 263 1285 Hic
278 1240 381 1300 neque
396 1223 486 1283 tacite
502 1230 550 1283 est
563 1237 666 1297 neque
680 1222 892 1282 necessarium
907 1217 1111 1295 distinguere,
1135 1226 1168 1279 ut

125 1309 156 1368 in
172 1308 385 1383 superioribus
399 1304 550 1382 partibus,
572 1322 633 1380 quo
648 1313 740 1380 pacto
757 1303 895 1380 quidque
909 1312 1123 1364 accusatorem
1137 1309 1168 1363 et

126 1391 284 1465 quomodo
307 1390 503 1451 defensorem
523 1397 655 1449 tractare
677 1395 826 1462 oporteat.
863 1386 930 1445 Non
945 1385 1167 1460 necessarium,

126 1481 295 1546 propterea
310 1473 409 1547 quod,
436 1486 533 1531 causa
546 1469 665 1544 posita,
687 1470 762 1544 quid
775 1470 807 1528 in
823 1485 979 1543 quamque
994 1468 1166 1541 conveniat,

126 1572 177 1614 rcs
193 1555 262 1629 ipsa
277 1554 400 1615 docebit
414 1569 486 1627 eos,
511 1550 640 1626 quinon
656 1551 757 1612 omnia
771 1551 822 1611 hic
838 1567 872 1610 se
886 1550 1065 1611 inventuros
1080 1559 1166 1625 puta-

127 1638 211 1710 bunt,
229 1638 286 1698 sed
302 1637 353 1716 [ad
367 1650 414 1710 ea,
435 1651 515 1711 quae
529 1642 698 1710 praecepta
712 1642 793 1707 sunt,
809 1633 1059 1712 comparationis]
1074 1633 1167 1693 modo

107 1721 283 1797 -quandam
304 1720 335 1781 in
355 1734 517 1781 commune
536 1717 724 1778 mediocrem
743 1716 972 1792 intelligentiam
994 1718 1166 1776 conterent

126 1802 178 1867 45.
201 1822 265 1867 non
290 1803 380 1864 tacite
401 1811 518 1878 autem,
545 1801 630 1877 quod
651 1808 681 1861 et
700 1800 851 1861 infinitum
873 1808 921 1860 est
940 1808 986 1861 tot
1010 1801 1049 1861 de
1074 1801 1167 1860 rebus

126 1897 288 1965 utramque
309 1887 340 1947 in
361 1894 481 1963 partem
501 1883 677 1963 singillatim
698 1885 738 1945 de
752 1901 814 1946 una
829 1899 952 1959 quaque
968 1883 1123 1959 explicare
1138 1892 1168 1944 et

126 1973 203 2034 alias
219 1972 307 2034 aliter
320 1971 398 2032 haec
409 1971 440 2029 in
451 1978 612 2043 utramque
625 1977 742 2042 partem
755 1983 867 2029 causae
880 1968 980 2028 solent
991 1967 1167 2027 convenire.

124 2058 205 2117 xlv.
227 2055 326 2130 Quare
343 2054 540 2115 considerare
553 2052 647 2125 haec,
669 2068 750 2128 qaae
765 2050 982 2127 exposuimus,
1005 2051 1166 2126 oportebit.

126 2134 261 2200 Facilius
282 2147 384 2200 autem
398 2137 438 2198 ad
453 2136 664 2197 inventionem
678 2134 799 2195 animus
814 2133 944 2208 incidet,
980 2135 1006 2195 si
1021 2134 1100 2209 gesti
1114 2151 1167 2194 ne-

126 2224 200 2297 gotii
229 2231 260 2282 et
280 2239 367 2283 suam
388 2229 418 2283 et
440 2219 610 2281 adversarii
630 2219 836 2280 narrationem
851 2233 947 2292 saepe
963 2228 993 2278 et
1007 2216 1168 2293 diligenter

125 2306 323 2380 pertractabit
355 2314 403 2377 et,
438 2304 524 2380 quod
555 2319 698 2379 quaeque
723 2319 796 2377 pars
820 2299 1009 2376 suspicionis
1033 2299 1166 2371 habebit,

125 2388 254 2451 eliciens
267 2387 485 2461 considerabit,
499 2403 604 2463 quare,
617 2404 679 2462 quo
692 2385 832 2458 consilio,
847 2401 909 2461 qua
922 2401 978 2460 spe
986 2382 1168 2463 perficiendi

127 2471 264 2548 quidque
279 2473 393 2534 lactum
408 2469 463 2541 sit;
486 2487 541 2532 cur
554 2471 614 2531 lroc
629 2470 722 2530 modo
738 2468 852 2544 potiaS,
869 2484 960 2544 quam
974 2467 1042 2538 ilto;
1060 2485 1114 2528 cur
1128 2468 1167 2527 ab

123 2557 183 2616 hoc
204 2555 324 2631 potius,
351 2572 443 2632 quarn
465 2555 504 2615 ab
525 2553 592 2625 illo;
619 2571 673 2615 cur
695 2554 779 2615 nullo
800 2552 941 2613 adiutore
956 2560 1008 2611 aut
1023 2552 1166 2623 carnae,

125 2656 180 2698 aar
200 2655 292 2698 nemo
314 2640 354 2700 sit
375 2638 520 2700 conscius
541 2646 669 2698 auteur
690 2635 730 2698 sit
749 2646 802 2698 aut
823 2653 877 2698 cur
890 2635 940 2695 hic
956 2635 1010 2708 sit3
1037 2652 1092 2696 cur
1107 2635 1167 2695 hoe

125 2729 195 2781 ante
211 2724 325 2781 factum
340 2721 394 2793 sit;
412 2738 466 2782 cur
478 2721 540 2781 hoc
555 2729 626 2781 ante
640 2722 755 2781 tactum
768 2737 831 2781 non
845 2719 898 2792 sit3
915 2736 970 2780 cur
980 2719 1041 2780 hoc
1053 2719 1084 2778 in
1096 2719 1166 2792 ipso

125 2803 261 2877 negotio,
285 2820 340 2864 cur
352 2805 413 2864 hoc
428 2811 501 2878 post
514 2806 680 2879 negotium,
703 2811 755 2864 aut
769 2805 882 2864 lactum
897 2803 936 2863 de
951 2801 1102 2865 industria
1116 2810 1168 2862 aut

123 2904 190 2946 rem
211 2886 312 2961 ipsam
334 2893 534 2947 consecutum
549 2887 604 2957 sit3
630 2894 790 2948 constetne
806 2887 902 2948 oratio
918 2894 970 2947 aut
984 2902 1054 2947 cum
1067 2903 1101 2945 re
1115 2892 1168 2946 aut

124 2972 195 3045 ipsa
212 2985 335 3041 secum3
349 2970 410 3030 hoc
424 2967 556 3029 huiusne
570 2967 615 3029 rei
630 2970 670 3030 sit
684 2969 806 3045 signum
820 2986 860 3030 an
873 2969 965 3043 illius,
980 2986 1019 3029 an
1034 2978 1064 3030 et
1074 2967 1166 3029 huius

124 3063 154 3115 el
168 3052 251 3114 illius
267 3062 298 3115 et
311 3052 409 3115 utrius
424 3050 544 3128 potius;
571 3053 644 3128 quid
661 3055 774 3115 lactum
790 3051 844 3126 sit,
866 3052 949 3129 quod
964 3070 1026 3114 non
1042 3058 1165 3128 oporta-

125 3136 191 3211 erit,
206 3145 259 3198 ant
274 3154 335 3198 non
351 3137 473 3209 lactum,
490 3137 575 3211 quod
589 3136 768 3213 oportuerit.
794 3134 846 3197 46.
863 3137 960 3209 Quum
973 3136 1093 3195 animus
1107 3134 1166 3194 hac
1266 3190 1267 3227 ζ

123 3220 293 3281 intentione
309 3237 415 3282 omnes
431 3219 525 3281 totius
541 3222 657 3295 negotii
679 3228 781 3296 partes
798 3216 1020 3292 considerabit,
1046 3228 1109 3279 tum
1123 3217 1166 3276 illi

123 3303 185 3378 ipsi
199 3303 230 3362 in
246 3304 380 3364 medium
395 3303 569 3364 coacervati
584 3303 646 3366 loci
659 3302 838 3378 procedent,
853 3301 893 3361 dc
909 3302 1021 3375 quibus
1036 3309 1106 3362 ante
1121 3299 1165 3355 di-

124 3394 206 3445 ctam
228 3395 290 3456 cst;
320 3395 349 3447 et
363 3395 427 3447 tum
441 3403 480 3445 ex
497 3385 642 3461 singulis,
668 3393 732 3444 tum
747 3401 786 3444 ex
801 3383 973 3445 coniunctis
988 3384 1166 3454 argumenta

125 3477 209 3527 certa
223 3478 397 3529 nascentur.
421 3469 555 3541 Quorum
572 3475 819 3543 argumentorum
830 3483 903 3541 pars
915 3460 1075 3538 probabili,
1092 3470 1165 3529 pars
