2575 3892
115 199 154 254 ra
350 188 514 247 tlBElttl.
538 186 620 244 cap.
635 193 757 245 m—ts.
780 190 806 250 s.
821 192 941 246 to-ta.
1098 179 1160 245 175

115 342 181 402 Sed
196 357 254 400 nos
268 339 350 397 lmnc
367 339 478 407 locum
495 336 534 395 de
549 350 611 409 quo
626 334 757 410 agimus,
773 335 1014 396 consideremus.
1028 305 1031 309 .
1045 332 1094 397 73.
1111 334 1160 393 ln·

113 425 212 486 renato
233 431 296 483 est:
325 421 394 480 Non
416 417 551 494 oportuit
570 434 656 479 arma
677 428 708 478 et
733 418 950 493 impedimenta
973 418 1159 494 relinquere.

113 506 265 584 Depulsio
287 513 349 564 est:
375 502 524 578 Oportuit.
560 501 705 576 Quaestio
721 509 783 562 ost:
811 501 1045 577 Oportueritnel
1070 500 1159 563 Ratio

115 601 181 654 est:
206 589 319 649 Milites
341 586 421 651 enirn
444 602 551 648 ornnes
572 586 737 662 perissent.
769 585 935 646 infirmatio
957 594 1005 646 est
1019 596 1071 646 aut
1085 603 1159 646 con·
1271 592 1272 605 ¹

114 671 290 738 ieotmalis:
305 672 373 732 Non
387 670 557 746 perissent;
580 679 632 731 θυι
647 672 744 732 altera
757 668 990 730 coniecturalis:
1006 669 1075 729 Non
1088 669 1159 730 ideo
1271 664 1272 675 ³

116 757 229 820 fecisti.
270 756 317 815 Ex
343 755 455 830 quibus
474 754 619 815 iudicatio
641 762 706 814 est=
727 752 946 814 Perissentnet
973 760 1018 814 et:
1045 753 1162 812 ldeone

116 840 246 904 iecerit?
270 848 323 900 out
343 839 420 899 haec
442 838 666 914 comparativa,
692 837 780 898 cuius
801 853 892 898 nune¹
905 835 1095 911 indigemus:
1121 837 1163 894 At

117 927 200 993 enim
216 923 312 985 satius
328 923 385 984 luit
398 921 536 983 amittere
550 920 672 994 milites,
694 937 786 997 quarn
800 937 885 983 arma
900 919 1164 1002 etimpedimenta

118 1009 292 1070 concedere
307 1006 460 1068 hostibus,
481 1007 529 1065 lix
544 1022 607 1081 qua
619 1004 765 1065 iudicatio
778 1005 929 1066 nascitur:
946 1005 1044 1077 Quum
1055 1018 1164 1063 omnes
1266 998 1272 1063 ἶ

118 1091 246 1168 peritrui
265 1089 377 1151 milites
398 1097 519 1162 essent,
546 1088 606 1149 nisi
626 1089 767 1149 adhunc
791 1090 967 1164 pactionem
994 1084 1163 1160 venissent,

117 1185 220 1237 uuum
236 1173 331 1235 sotius
348 1174 438 1236 fuerit
451 1173 589 1234 amittere
603 1171 724 1247 milites,
743 1189 783 1232 an
798 1173 838 1232 ad
853 1172 933 1233 hane
948 1170 1164 1233 condicionem
1271 1230 1272 1233 ,

120 1254 248 1315 venire?
275 1255 325 1314 74.
340 1255 408 1315 Hoc
424 1271 538 1315 causae
552 1271 652 1328 genus
668 1270 707 1313 ex
721 1255 787 1315 suis
805 1254 883 1314 locis
897 1252 1022 1312 tractari
1036 1252 1162 1322 [conre-

120 1338 205 1411 niet].
235 1338 397 1413 Oportebit
412 1345 442 1397 et
456 1339 604 1398 adhibere
616 1344 808 1398 caeterarum
826 1351 952 1412 quoque
969 1332 1162 1395 constitutio-

120 1438 194 1480 num
204 1423 355 1482 rationem
366 1429 461 1496 atque
467 1429 651 1496 praecepta3
662 1437 699 1481 ac
709 1421 841 1481 maxime
853 1419 1041 1480 coniecturis
1048 1418 1162 1478 iacien-

121 1503 170 1562 dis
182 1504 427 1575 infirmareillud,
435 1506 595 1578 quodcum
603 1520 652 1574 eo,
660 1503 868 1577 quodcrimini
876 1503 1006 1573 dabitur,
1015 1502 1044 1573 ii,
1053 1502 1162 1575 quiae·

123 1587 563 1661 cusabuntuncomparabunt.
577 1588 612 1645 ld
623 1587 685 1656 liet,
693 1585 720 1645 si
733 1585 925 1658 autid‚quod
939 1584 1044 1644 dicent
1056 1585 1163 1643 defen-

123 1686 213 1729 sores
228 1672 365 1730 futurum
380 1670 487 1741 fuisse,
502 1668 562 1730 nisi
572 1669 603 1728 id
620 1670 734 1733 lactum
751 1676 844 1741 esset,
859 1684 920 1743 quo
934 1667 974 1728 de
987 1669 1069 1727 laeto
1085 1667 1160 1727 iudi-

122 1753 202 1813 cium
214 1764 270 1826 est,
283 1755 418 1815 futurum
429 1753 527 1814 luisse
537 1751 713 1829 negabitur3
726 1760 779 1813 aut
792 1753 819 1812 si
829 1752 888 1812 alia
897 1752 1018 1813 ratione
1030 1759 1061 1810 et
1071 1751 1163 1810 aliam

122 1835 1164 1910 obcausam,aedicetsereusiecisse,dernonstrabituressefacturn.

120 1918 196 1978 Eius
216 1914 262 1977 rei
284 1913 474 1976 confirmatio
491 1923 522 1974 et
535 1912 608 1977 item
623 1912 776 1977 contraria
790 1914 829 1974 de
844 1921 932 1990 parte
945 1910 1113 1991 infirmatio
1127 1930 1169 1973 ex
1271 1990 1272 1993 Ἴ

122 1998 322 2062 coniecturali
338 1997 556 2058 constitutione
571 2003 717 2058 sumetur.
752 1996 806 2058 Sin
821 2006 924 2058 autem
939 2004 1023 2059 certo
1041 1996 1171 2058 nornine·

122 2082 264 2144 maleficii
286 2081 447 2142 vocabitur
467 2081 498 2140 in
519 2080 682 2155 iudicium,
708 2079 788 2143 sicut
807 2081 838 2141 in
859 2081 917 2142 hac
932 2096 1026 2142 eausa
1040 2098 1171 2141 -nam

123 2165 291 2228 maiestatis
313 2165 480 2226 arcessitur
493 2198 536 2213 —-
550 2164 728 2226 delinitione
743 2173 774 2226 et
786 2164 961 2241 praeceptis
976 2165 1172 2226 definitionis

122 2252 167 2313 uti
191 2248 354 2325 oportebit.
388 2250 482 2309 XXV.
503 2251 607 2324 Atque
627 2248 705 2309 haee
722 2249 847 2324 quidem
863 2251 1045 2324 plerumque
1060 2248 1090 2307 in
1105 2249 1166 2310 hoc

123 2351 237 2412 genere
251 2333 410 2408 accidunt,
431 2341 465 2394 ut
479 2342 510 2394 et
524 2331 702 2394 coniectura
717 2341 748 2393 et
762 2333 940 2397 delinitione
954 2333 1102 2395 utendum
1118 2332 1172 2392 sit.

123 2420 176 2480 Sin
197 2418 281 2478 aliud
304 2435 428 2493 quoque
443 2416 572 2514 aliquod
586 2433 686 2492 genus
700 2416 830 2493 incidet,
857 2417 924 2478 eius
939 2415 1062 2492 generis
1075 2433 1165 2513 praej

123 2512 213 2579 cepta
232 2500 337 2563 licebit
356 2501 416 2562 huc
436 2501 505 2577 pari
531 2501 651 2565 ratione
676 2502 853 2562 transferre.
889 2502 965 2561 Nam
991 2499 1169 2561 accusatori

123 2587 254 2647 maxime
269 2594 317 2647 est
330 2585 362 2645 in
305 2586 437 2647 thoe
452 2586 682 2661 elaborandum,
697 2594 730 2645 ut
744 2584 889 2661 idipsum
901 2588 1014 2646 facturn
1017 2594 1131 2660 ,tprop
1133 2600 1170 2644 er

125 2670 209 2746 quod
224 2660 283 2728 sibi
297 2685 369 2729 reus
385 2670 586 2731 concedit
531 2688 574 2744 pu
574 2678 618 2730 tet
631 2677 791 2744 oportere,
819 2687 912 2745 quam
928 2669 1067 2744 plurimis
1082 2669 1166 2728 infir

124 2761 186 2812 met
174 2751 379 2812 trationibus
415 2753 505 2825 Quod
520 2752 673 2812 iaoilet
625 2760 687 2825 est,
713 2752 740 2812 si
756 2770 847 2827 quarn
862 2753 1001 2828 plurimis
1017 2768 1095 2814 cons
1096 2752 1166 2812 titu-

125 2835 261 2897 tionibus
281 2835 476 2909 aggredietur
495 2834 528 2895 id
542 2835 728 2910 improbare.
764 2834 815 2898 75.
837 2838 910 2912 Ipsa
924 2846 976 2897 aut
978 2854 1026 2896 ern
1042 2851 1166 2933 compa

125 2936 160 2978 ra
162 2918 202 2978 tio
225 2924 369 2992 separata
389 2928 491 2979 acaet
491 2919 552 2978 eris
573 2918 737 2994 generibus
759 2921 1038 2983 controversiarum
1060 2922 1105 2981 sic
1122 2934 1173 2980 ex.
1271 2938 1272 2941 ¹

127 3020 184 3069 sua
198 3002 229 3061 vi
244 3001 504 3076 considerabitur,
526 3001 553 3063 si
567 3002 657 3075 illud,
681 3005 764 3079 quod
779 3003 1015 3101 comparabitur,
1037 3014 1089 3065 aut
1103 3021 1173 3063 non.
1271 3030 1272 3033 ¹

125 3087 290 3148 honestum
312 3095 364 3147 θυι
384 3103 446 3147 non
466 3095 500 3147 ut
489 3085 607 3149 tilet
554 3095 607 3148 aut
620 3103 683 3149 non
698 3088 909 3151 necessarium
924 3088 1021 3149 fuisse
1036 3098 1088 3149 aut
1103 3102 1167 3147 non
1271 3086 1272 3125 f

127 3181 209 3234 tanto
233 3187 330 3248 opere
349 3180 383 3231 ut
372 3170 424 3231 tile
444 3179 496 3232 aut
516 3188 579 3232 nnn
604 3180 690 3233 tanto
717 3189 812 3247 opere
836 3173 1001 3233 honesturn
1027 3178 1167 3232 autnon

126 3264 209 3317 tanto
192 3272 334 3332 oopere
362 3255 572 3316 necessarium
597 3255 818 3317 demonstrabit
807 3265 864 3317 tur.
902 3255 1020 3315 Deinde
1046 3262 1169 3330 oportet

17 3354 18 3393 1
129 3350 341 3402 accusatorem
355 3339 445 3412 illud
469 3339 575 3416 quod
567 3356 638 3416 ipse
650 3348 773 3416 armat
795 3341 834 3400 nb
850 3355 898 3413 eo,
920 3340 1005 3413 quod
1020 3340 1074 3399 del
1073 3350 1179 3395 ensor·

17 3478 18 3511 ;
130 3433 293 3500 comparat,
311 3441 466 3502 separare.
489 3426 590 3486 ldt
539 3434 590 3486 θυι
592 3441 640 3486 em
656 3423 756 3498 iaciat,
735 3423 799 3484 tsi
813 3420 1035 3483 demonstrabit
1049 3430 1111 3473 non
1125 3410 1177 3472 ἰιθ.Ι
