2575 3892
117 201 169 252 ror
337 185 451 245 LIBER
462 185 499 242 ll.
517 184 600 242 eae.
612 190 773 250 ssa-sss.
786 189 941 243 roi-roe.
1097 180 1158 243 203
1272 158 1273 161 ‘

109 340 236 402 honesti
251 354 356 398 euram
367 343 398 395 et
409 335 549 395 stabilem
562 338 722 407 comparat
732 334 952 392 auctoritatam.
969 334 1072 408 Atque
1083 331 1160 392 haee

114 425 220 486 omnia
234 428 361 497 propter
375 435 411 479 se
426 421 535 490 solum,
551 424 585 477 ut
599 412 674 479 nihil
688 415 869 488 adiungatur
884 417 1089 488 emolumenti,
1106 431 1159 490 pe·
1272 420 1273 425 ’

111 509 210 570 tenda
229 512 310 565 sunt.
339 502 428 576 Quod
447 509 481 563 ut
502 502 743 573 demonstretur,
764 515 866 574 neque
887 498 927 572 ad
946 498 1005 559 hoe
1020 508 1159 560 nostrum

111 593 287 652 institutum
307 586 440 662 pertinet
460 591 490 644 et
510 601 529 644 a
546 585 698 644 brevitate
714 580 924 657 praecipiendi
936 580 1087 643 remotum
1101 592 1158 644 est.

112 672 191 736 165.
214 673 344 747 Propter
358 686 394 731 se
409 678 511 730 autem
525 668 652 728 vitanda
665 665 737 727 sunt
756 683 818 727 non
835 665 995 740 eomodo,
1018 681 1096 741 quae
1110 667 1159 724 his
1272 702 1273 707 κ

112 756 270 819 conuaria
291 760 376 826 sunt,
399 760 433 815 ut
456 752 621 813 tortitudini
641 751 764 825 ignavia
786 757 816 809 et
838 749 972 811 iustitiae
998 749 1159 819 iniustitia,

112 856 224 900 verum
246 840 337 899 etiam
357 838 422 909 illa,
446 851 526 911 quae
546 836 723 910 propinqua
736 833 878 897 videntur
892 838 922 895 et
937 832 1064 893 finitima
1079 848 1160 906 esse,

113 925 232 984 absunt
245 929 346 981 autem
360 920 557 997 longissime3
581 918 666 994 quod
680 933 794 991 genus,
816 916 961 977 fidentiae
976 917 1161 983 contrarium
1272 936 1273 971 1

113 1013 167 1066 est
187 1005 357 1065 diffidentia
378 1010 408 1063 et
428 1019 470 1062 ea
485 1018 520 1061 re
539 1003 646 1063 vitium
660 1007 723 1070 est;
746 1000 876 1062 audatia
889 1016 951 1059 non
968 1001 1160 1071 connerium,

113 1090 176 1150 sed
197 1089 374 1164 appositum
394 1094 496 1146 estat
516 1087 726 1161 propinquum
740 1090 884 1144 ettamen
900 1084 1006 1143 vitium
1021 1089 1076 1144 est.
1111 1082 1161 1143 Sie
1182 1112 1185 1117 »

113 1174 171 1234 uni
187 1172 297 1247 cuique
311 1170 414 1231 virtuti
428 1169 588 1229 finitimum
603 1170 709 1234 vitium
723 1169 908 1244 reperietur,
931 1173 982 1228 aut
1003 1173 1086 1226 certo
1102 1167 1161 1225 iam

112 1257 241 1316 nomine
260 1255 462 1331 appellatum,
483 1260 517 1314 ut
538 1253 682 1326 audatia,
705 1268 786 1328 quae
805 1252 963 1332 fidentiae,
983 1251 1161 1325 pertinacia,

111 1355 198 1414 quae
213 1338 465 1415 perseverantiae
478 1337 605 1397 finitima
620 1343 683 1409 est,
706 1336 902 1412 superstitio,
925 1350 1006 1411 quae
1019 1333 1158 1407 religioni

112 1422 294 1496 propinqua
307 1426 365 1493 est,
380 1427 433 1479 aut
446 1422 513 1479 sine
528 1422 591 1479 ullo
607 1428 691 1480 certo
707 1422 838 1479 nomine.
863 1420 958 1493 Quae
973 1418 1076 1482 omnia
1089 1417 1160 1477 item

111 1505 161 1565 uti
183 1503 337 1563 cornaria
355 1517 458 1561 rerum
473 1501 623 1561 bonarum
643 1502 789 1562 inrebus
810 1501 943 1562 vitandis
963 1508 1160 1575 reponentur.

112 1587 226 1649 Aede
247 1601 284 1645 eo
307 1584 431 1659 quidem
451 1599 564 1658 genere
589 1584 775 1660 honestatis,
805 1586 890 1660 quod
910 1600 950 1645 ex
970 1587 1053 1646 omni
1074 1592 1162 1661 parte
1272 1566 1273 1609 ³

116 1676 249 1748 propter
264 1685 299 1729 se
313 1669 433 1743 petitur,
450 1668 655 1728 satisdiotum
670 1676 727 1729 est.

202 1753 265 1812 nv.
282 1751 353 1814 rao.
374 1752 461 1811 nune
477 1752 517 1813 aa
531 1767 578 1826 eo,
594 1753 624 1810 tn
640 1767 702 1828 quo
714 1752 830 1813 uanus
841 1767 966 1827 quoque
977 1753 1160 1826 adiungitur,
1270 1734 1271 1737 ‘

114 1837 206 1914 quod
219 1844 321 1896 tamen
335 1835 498 1895 honestum
513 1851 669 1910 vocamus
685 1836 850 1896 dicendum
863 1836 994 1897 videtur.
1015 1834 1092 1899 Sunt
1105 1836 1160 1910 igi-

113 1932 167 1982 tur
182 1922 291 1994 multa,
314 1934 393 1994 quae
413 1935 472 1979 nos
495 1935 589 1995 quum
604 1920 750 1995 dignitate
765 1928 829 1980 tum
844 1922 942 1980 iruetu
958 1935 1084 1997 quoque
1099 1934 1157 1980 suo

112 2007 249 2072 ducunt3
273 2019 334 2078 quo
349 2004 380 2062 in
394 2018 509 2078 genere
524 2010 572 2064 est
585 2004 690 2078 gloria,
707 2004 848 2078 dignitas
864 1998 1040 2078 amplitudo,
1057 2003 1158 2064 amiei-
1270 1988 1271 2013 ³

111 2089 167 2148 tia.
199 2087 302 2147 Gloria
316 2093 363 2145 est
377 2087 523 2161 frequens
539 2088 580 2146 de
590 2089 693 2161 aliquo
709 2089 791 2157 lama
805 2103 874 2147 eum
887 2089 995 2158 lande;
1017 2089 1158 2163 dignitas,

113 2171 247 2231 alieuius
269 2171 401 2229 honesta
422 2178 452 2230 et
472 2173 555 2231 cultu
576 2171 738 2232 ethonore
754 2179 783 2232 et
798 2172 984 2233 uerecundia
998 2172 1091 2245 digua
1106 2187 1158 2231 au·

109 2254 260 2321 ctoritas3
283 2254 451 2327 amplitudo
487 2256 643 2328 potentiae
664 2262 716 2315 aut
735 2255 902 2315 maiestatis
924 2262 975 2316 aut
990 2255 1160 2330 aliquarum

110 2337 276 2411 copiarum
290 2351 402 2411 magna
416 2337 618 2408 abundantia;
628 2339 765 2411 amititia
785 2340 1014 2412 voluntaserga
1026 2339 1160 2414 aliquem

107 2435 217 2481 rerum
237 2421 387 2479 bonarum
406 2420 487 2481 illius
508 2422 608 2495 ipsius
631 2438 741 2496 eausa,
764 2437 856 2497 quem
874 2421 985 2496 diligit,
1007 2438 1076 2482 eum
1091 2422 1158 2480 eius

107 2506 183 2578 pari
198 2505 361 2563 voluntate.
391 2498 463 2566 167.
484 2504 556 2577 Hie,
580 2506 706 2579 quiade
721 2506 860 2567 civilibus
877 2506 981 2566 causis
996 2505 1158 2582 loquimur,

108 2589 233 2646 fruetus
249 2586 289 2644 ad
304 2586 465 2644 amicitiam
480 2588 682 2663 adiungimus,
699 2596 849 2653 uteorum
862 2604 1158 2664 quoque-oausape-
1270 2636 1271 2639 ,

109 2669 209 2730 tenda
223 2668 378 2737 videatur3
393 2685 433 2728 ne
448 2669 526 2730 iorte
542 2672 594 2745 qui
609 2687 667 2731 nos
683 2673 722 2731 de
737 2675 818 2731 omni
833 2673 965 2732 amicitia
977 2673 1080 2732 dioere
1095 2673 1159 2731 exi·

111 2755 244 2812 stimans
258 2750 486 2825 reprehendere
499 2754 633 2828 ineipiat.
659 2754 850 2830 Quamquam
865 2768 945 2826 sunt,
965 2755 1017 2830 qui
1031 2765 1160 2830 propter

111 2836 273 2895 utilitatem
286 2833 378 2893 modo
395 2837 557 2909 petendam
575 2844 680 2911 putant
694 2839 871 2908 amieitiam3
887 2846 958 2899 sunt
969 2840 1020 2914 qui
1032 2847 1159 2916 propter

111 2933 149 2978 se
171 2918 291 2984 solum;
311 2923 384 2976 sunt
406 2919 459 2992 qui
475 2928 604 2993 propter
626 2935 662 2980 se
683 2928 713 2981 et
733 2923 899 2983 utilitatem.
933 2922 1067 2996 Quorum
1085 2923 1159 2999 quid
1270 2922 1271 2931 ’

110 3001 277 3062 verissime
291 3001 502 3076 constituatur,
517 3005 596 3064 alius
611 3007 700 3067 loeus
716 3006 772 3065 erit
787 3005 1012 3068 considerandi.
1071 3009 1159 3067 Nune

109 3083 172 3144 hoe
185 3085 232 3145 sio
244 3083 284 3142 ad
295 3100 385 3144 usum
397 3087 562 3147 oratorium
573 3090 771 3164 relinquatur,
782 3098 944 3166 utramque
955 3098 1082 3167 propter
1092 3105 1159 3149 rem

111 3167 276 3227 amicitiam
292 3180 365 3226 esse
378 3172 594 3244 expetendam.
630 3171 702 3234 168.
723 3175 933 3234 Amicitiarum
948 3181 1049 3234 autem
1068 3173 1156 3246 ratio,

113 3251 262 3322 quoniam
282 3251 393 3323 partim
414 3261 490 3312 sunt
498 3256 699 3330 religionibus
715 3256 851 3331 iunctae,
873 3258 983 3332 partim
999 3276 1061 3319 non
1076 3261 1157 3327 sunt,
1174 3282 1186 3300 ·

113 3338 143 3388 et
158 3335 231 3405 quia
245 3333 355 3407 partim
369 3342 491 3397 veteres
507 3345 587 3413 sunt,
604 3340 713 3414 partim
727 3357 835 3415 novae,
853 3341 963 3416 partim
976 3341 1013 3400 ab
1025 3341 1155 3407 illorum,
1270 3400 1271 3409 ,

113 3415 228 3486 partim,
238 3417 277 3474 ab
292 3422 399 3477 nostro
415 3418 566 3484 beneficio
578 3424 746 3497 proiectae,
762 3426 873 3499 partim
883 3424 1030 3490 utiliores,
1045 3416 1157 3493 partim
