<?xml version="1.0" encoding="UTF-8"?>
<!DOCTYPE html PUBLIC "-//W3C//DTD XHTML 1.0 Transitional//EN"
    "http://www.w3.org/TR/xhtml1/DTD/xhtml1-transitional.dtd">
<html xmlns="http://www.w3.org/1999/xhtml" xml:lang="en" lang="en">
 <head>
  <title>
</title>
<meta http-equiv="Content-Type" content="text/html;charset=utf-8" />
  <meta name='ocr-system' content='tesseract 3.04.00' />
  <meta name='ocr-capabilities' content='ocr_page ocr_carea ocr_par ocr_line ocrx_word'/>
</head>
<body>
  <div class='ocr_page' id='page_1' title='image "./mtulliiciceroni00friegoog_0192.png"; bbox 0 0 2575 3892; ppageno 0'>
   <div class='ocr_carea' id='block_1_1' title="bbox 104 176 1151 247">
    <p class='ocr_par' dir='ltr' id='par_1_1' title="bbox 104 176 1151 247">
     <span class='ocr_line' id='line_1_1' title="bbox 104 176 1151 247; baseline -0.013 -1"><span class='ocrx_word' id='word_1_1' title='bbox 104 186 167 247; x_wconf 74' lang='lat'>142</span> <span class='ocrx_word' id='word_1_2' title='bbox 472 180 523 240; x_wconf 86' lang='lat' dir='ltr'>DE</span> <span class='ocrx_word' id='word_1_3' title='bbox 538 176 771 237; x_wconf 79' lang='lat' dir='ltr'><strong>INVENTIONE</strong></span> <span class='ocrx_word' id='word_1_4' title='bbox 1111 184 1151 235; x_wconf 72' lang='lat' dir='ltr'>ho</span> 
     </span>
    </p>
   </div>
   <div class='ocr_carea' id='block_1_2' title="bbox 102 323 1149 1231">
    <p class='ocr_par' dir='ltr' id='par_1_2' title="bbox 102 323 1149 1231">
     <span class='ocr_line' id='line_1_2' title="bbox 103 323 1148 400; baseline -0.009 -7"><span class='ocrx_word' id='word_1_5' title='bbox 103 334 252 393; x_wconf 88' lang='lat' dir='ltr'>videatur.</span> <span class='ocrx_word' id='word_1_6' title='bbox 288 328 339 390; x_wconf 80' lang='lat'>83.</span> <span class='ocrx_word' id='word_1_7' title='bbox 355 328 481 400; x_wconf 76' lang='lat' dir='ltr'><strong>Oportet</strong></span> <span class='ocrx_word' id='word_1_8' title='bbox 495 334 598 385; x_wconf 89' lang='lat' dir='ltr'>autem</span> <span class='ocrx_word' id='word_1_9' title='bbox 612 323 865 396; x_wconf 85' lang='lat' dir='ltr'>animadvertere,</span> <span class='ocrx_word' id='word_1_10' title='bbox 881 337 929 395; x_wconf 89' lang='lat' dir='ltr'>ue,</span> <span class='ocrx_word' id='word_1_11' title='bbox 950 327 1044 395; x_wconf 79' lang='lat' dir='ltr'>quum</span> <span class='ocrx_word' id='word_1_12' title='bbox 1058 325 1148 386; x_wconf 83' lang='lat' dir='ltr'>aliter</span> 
     </span>
     <span class='ocr_line' id='line_1_3' title="bbox 104 405 1149 482; baseline -0.006 -7"><span class='ocrx_word' id='word_1_13' title='bbox 104 416 165 476; x_wconf 90' lang='lat' dir='ltr'>sint</span> <span class='ocrx_word' id='word_1_14' title='bbox 184 416 278 473; x_wconf 86' lang='lat' dir='ltr'>multa</span> <span class='ocrx_word' id='word_1_15' title='bbox 292 410 441 482; x_wconf 88' lang='lat' dir='ltr'>iudicata,</span> <span class='ocrx_word' id='word_1_16' title='bbox 468 407 637 468; x_wconf 87' lang='lat' dir='ltr'>solitarium</span> <span class='ocrx_word' id='word_1_17' title='bbox 651 405 778 481; x_wconf 84' lang='lat' dir='ltr'>aliquod</span> <span class='ocrx_word' id='word_1_18' title='bbox 793 414 845 467; x_wconf 88' lang='lat' dir='ltr'>aut</span> <span class='ocrx_word' id='word_1_19' title='bbox 859 407 962 467; x_wconf 80' lang='lat' dir='ltr'>rarum</span> <span class='ocrx_word' id='word_1_20' title='bbox 976 406 1149 469; x_wconf 89' lang='lat' dir='ltr'>iudicatum</span> 
     </span>
     <span class='ocr_line' id='line_1_4' title="bbox 103 488 1147 568; baseline -0.005 -11"><span class='ocrx_word' id='word_1_21' title='bbox 103 499 267 557; x_wconf 78' lang='lat' dir='ltr'>adferatur.</span> <span class='ocrx_word' id='word_1_22' title='bbox 301 495 378 553; x_wconf 88' lang='lat' dir='ltr'>Nam</span> <span class='ocrx_word' id='word_1_23' title='bbox 398 492 447 552; x_wconf 90' lang='lat' dir='ltr'>his</span> <span class='ocrx_word' id='word_1_24' title='bbox 462 492 556 552; x_wconf 87' lang='lat' dir='ltr'>rebus</span> <span class='ocrx_word' id='word_1_25' title='bbox 569 489 737 568; x_wconf 67' lang='lat' dir='ltr'>auctoritas</span> <span class='ocrx_word' id='word_1_26' title='bbox 752 488 879 550; x_wconf 88' lang='lat' dir='ltr'>iudicati</span> <span class='ocrx_word' id='word_1_27' title='bbox 892 489 1026 550; x_wconf 78' lang='lat' dir='ltr'><strong>maxime</strong></span> <span class='ocrx_word' id='word_1_28' title='bbox 1041 501 1147 566; x_wconf 84' lang='lat' dir='ltr'>potest</span> 
     </span>
     <span class='ocr_line' id='line_1_5' title="bbox 102 571 1145 652; baseline -0.007 -12"><span class='ocrx_word' id='word_1_29' title='bbox 102 579 258 641; x_wconf 85' lang='lat' dir='ltr'>infirmari.</span> <span class='ocrx_word' id='word_1_30' title='bbox 292 580 396 652; x_wconf 84' lang='lat' dir='ltr'>Atque</span> <span class='ocrx_word' id='word_1_31' title='bbox 417 592 455 635; x_wconf 87' lang='lat' dir='ltr'>ea</span> <span class='ocrx_word' id='word_1_32' title='bbox 470 574 609 650; x_wconf 89' lang='lat' dir='ltr'>quidem,</span> <span class='ocrx_word' id='word_1_33' title='bbox 634 590 715 649; x_wconf 86' lang='lat' dir='ltr'>quae</span> <span class='ocrx_word' id='word_1_34' title='bbox 730 571 820 648; x_wconf 83' lang='lat' dir='ltr'>quasi</span> <span class='ocrx_word' id='word_1_35' title='bbox 834 571 1007 648; x_wconf 73' lang='lat' dir='ltr'>probabilia</span> <span class='ocrx_word' id='word_1_36' title='bbox 1022 587 1145 634; x_wconf 86' lang='lat' dir='ltr'>suman-</span> 
     </span>
     <span class='ocr_line' id='line_1_6' title="bbox 102 655 1144 737; baseline -0.006 -13"><span class='ocrx_word' id='word_1_37' title='bbox 102 674 166 737; x_wconf 92' lang='lat' dir='ltr'>tur,</span> <span class='ocrx_word' id='word_1_38' title='bbox 193 662 335 722; x_wconf 87' lang='lat' dir='ltr'>adhunc</span> <span class='ocrx_word' id='word_1_39' title='bbox 355 659 480 719; x_wconf 87' lang='lat' dir='ltr'>modum</span> <span class='ocrx_word' id='word_1_40' title='bbox 501 656 641 733; x_wconf 86' lang='lat' dir='ltr'>temptari</span> <span class='ocrx_word' id='word_1_41' title='bbox 664 655 825 732; x_wconf 78' lang='lat' dir='ltr'>oportebit.</span> <span class='ocrx_word' id='word_1_42' title='bbox 861 656 952 716; x_wconf 88' lang='lat' dir='ltr'>XLV.</span> <span class='ocrx_word' id='word_1_43' title='bbox 969 655 1054 729; x_wconf 84' lang='lat' dir='ltr'>Quae</span> <span class='ocrx_word' id='word_1_44' title='bbox 1067 674 1144 718; x_wconf 88' lang='lat' dir='ltr'>vero</span> 
     </span>
     <span class='ocr_line' id='line_1_7' title="bbox 104 738 1146 812; baseline -0.006 -5"><span class='ocrx_word' id='word_1_45' title='bbox 104 747 194 808; x_wconf 89' lang='lat' dir='ltr'>sicuti</span> <span class='ocrx_word' id='word_1_46' title='bbox 214 743 393 805; x_wconf 86' lang='lat' dir='ltr'>necessaria</span> <span class='ocrx_word' id='word_1_47' title='bbox 413 742 610 812; x_wconf 85' lang='lat' dir='ltr'>inducentur,</span> <span class='ocrx_word' id='word_1_48' title='bbox 634 756 673 800; x_wconf 85' lang='lat' dir='ltr'>ea</span> <span class='ocrx_word' id='word_1_49' title='bbox 693 739 721 801; x_wconf 91' lang='lat' dir='ltr'>si</span> <span class='ocrx_word' id='word_1_50' title='bbox 742 741 820 801; x_wconf 85' lang='lat' dir='ltr'>sorte</span> <span class='ocrx_word' id='word_1_51' title='bbox 839 738 1036 800; x_wconf 88' lang='lat' dir='ltr'>imitabuntur</span> <span class='ocrx_word' id='word_1_52' title='bbox 1049 742 1146 801; x_wconf 91' lang='lat' dir='ltr'>modo</span> 
     </span>
     <span class='ocr_line' id='line_1_8' title="bbox 103 823 1148 901; baseline -0.006 -12"><span class='ocrx_word' id='word_1_53' title='bbox 103 828 313 890; x_wconf 85' lang='lat' dir='ltr'>necessariam</span> <span class='ocrx_word' id='word_1_54' title='bbox 337 826 630 901; x_wconf 78' lang='lat' dir='ltr'>argumentationem</span> <span class='ocrx_word' id='word_1_55' title='bbox 656 840 758 899; x_wconf 88' lang='lat' dir='ltr'>neque</span> <span class='ocrx_word' id='word_1_56' title='bbox 783 832 872 883; x_wconf 88' lang='lat' dir='ltr'>erunt</span> <span class='ocrx_word' id='word_1_57' title='bbox 899 823 1066 894; x_wconf 86' lang='lat' dir='ltr'>eiusmodi,</span> <span class='ocrx_word' id='word_1_58' title='bbox 1096 823 1148 883; x_wconf 82' lang='lat' dir='ltr'>sic</span> 
     </span>
     <span class='ocr_line' id='line_1_9' title="bbox 102 907 1146 988; baseline -0.004 -17"><span class='ocrx_word' id='word_1_59' title='bbox 102 912 381 988; x_wconf 85' lang='lat' dir='ltr'>reprehendentur:</span> <span class='ocrx_word' id='word_1_60' title='bbox 396 909 527 984; x_wconf 87' lang='lat' dir='ltr'>primum</span> <span class='ocrx_word' id='word_1_61' title='bbox 538 907 784 982; x_wconf 78' lang='lat' dir='ltr'>comprehensio,</span> <span class='ocrx_word' id='word_1_62' title='bbox 798 922 888 981; x_wconf 87' lang='lat' dir='ltr'>quae,</span> <span class='ocrx_word' id='word_1_63' title='bbox 902 916 1002 968; x_wconf 86' lang='lat' dir='ltr'>utrum</span> <span class='ocrx_word' id='word_1_64' title='bbox 1013 921 1146 967; x_wconf 90' lang='lat' dir='ltr'>conces-</span> 
     </span>
     <span class='ocr_line' id='line_1_10' title="bbox 105 988 1146 1068; baseline -0.007 -13"><span class='ocrx_word' id='word_1_65' title='bbox 105 996 192 1068; x_wconf 89' lang='lat' dir='ltr'>seris,</span> <span class='ocrx_word' id='word_1_66' title='bbox 209 996 302 1055; x_wconf 87' lang='lat' dir='ltr'>debet</span> <span class='ocrx_word' id='word_1_67' title='bbox 314 995 431 1066; x_wconf 85' lang='lat' dir='ltr'>toliere,</span> <span class='ocrx_word' id='word_1_68' title='bbox 446 993 474 1053; x_wconf 89' lang='lat' dir='ltr'>si</span> <span class='ocrx_word' id='word_1_69' title='bbox 487 1008 563 1053; x_wconf 87' lang='lat' dir='ltr'>vera</span> <span class='ocrx_word' id='word_1_70' title='bbox 577 999 634 1064; x_wconf 88' lang='lat' dir='ltr'>est,</span> <span class='ocrx_word' id='word_1_71' title='bbox 649 1006 806 1064; x_wconf 87' lang='lat' dir='ltr'>nunquam</span> <span class='ocrx_word' id='word_1_72' title='bbox 820 990 1078 1065; x_wconf 78' lang='lat' dir='ltr'>reprehendetur3</span> <span class='ocrx_word' id='word_1_73' title='bbox 1095 988 1146 1049; x_wconf 88' lang='lat' dir='ltr'>sin</span> 
     </span>
     <span class='ocr_line' id='line_1_11' title="bbox 105 1072 1146 1153; baseline -0.005 -16"><span class='ocrx_word' id='word_1_74' title='bbox 105 1081 198 1153; x_wconf 82' lang='lat' dir='ltr'>saise,</span> <span class='ocrx_word' id='word_1_75' title='bbox 219 1078 341 1138; x_wconf 90' lang='lat' dir='ltr'>duobus</span> <span class='ocrx_word' id='word_1_76' title='bbox 356 1075 473 1148; x_wconf 90' lang='lat' dir='ltr'>modis,</span> <span class='ocrx_word' id='word_1_77' title='bbox 495 1084 548 1136; x_wconf 88' lang='lat' dir='ltr'>aut</span> <span class='ocrx_word' id='word_1_78' title='bbox 562 1073 766 1135; x_wconf 85' lang='lat' dir='ltr'>conversione</span> <span class='ocrx_word' id='word_1_79' title='bbox 780 1082 833 1134; x_wconf 90' lang='lat' dir='ltr'>aut</span> <span class='ocrx_word' id='word_1_80' title='bbox 847 1073 973 1134; x_wconf 82' lang='lat' dir='ltr'>atterius</span> <span class='ocrx_word' id='word_1_81' title='bbox 986 1074 1085 1149; x_wconf 88' lang='lat' dir='ltr'>partis</span> <span class='ocrx_word' id='word_1_82' title='bbox 1099 1072 1146 1132; x_wconf 90' lang='lat' dir='ltr'>in-</span> 
     </span>
     <span class='ocr_line' id='line_1_12' title="bbox 104 1158 724 1231; baseline -0.013 -12"><span class='ocrx_word' id='word_1_83' title='bbox 104 1160 285 1221; x_wconf 85' lang='lat' dir='ltr'>firmatione.</span> <span class='ocrx_word' id='word_1_84' title='bbox 306 1159 526 1231; x_wconf 79' lang='lat' dir='ltr'>conversione,</span> <span class='ocrx_word' id='word_1_85' title='bbox 541 1159 601 1218; x_wconf 91' lang='lat' dir='ltr'>hoc</span> <span class='ocrx_word' id='word_1_86' title='bbox 615 1158 724 1218; x_wconf 78' lang='lat' dir='ltr'>modo:</span> 
     </span>
    </p>
   </div>
   <div class='ocr_carea' id='block_1_3' title="bbox 185 1279 1024 1520">
    <p class='ocr_par' dir='ltr' id='par_1_3' title="bbox 185 1279 1024 1520">
     <span class='ocr_line' id='line_1_13' title="bbox 186 1279 1011 1359; baseline -0.001 -17"><span class='ocrx_word' id='word_1_87' title='bbox 186 1285 263 1342; x_wconf 86' lang='lat' dir='ltr'>Nam</span> <span class='ocrx_word' id='word_1_88' title='bbox 275 1286 436 1352; x_wconf 77' lang='lat' dir='ltr'>sineretur,</span> <span class='ocrx_word' id='word_1_89' title='bbox 458 1284 532 1356; x_wconf 78' lang='lat' dir='ltr'>qaid</span> <span class='ocrx_word' id='word_1_90' title='bbox 540 1299 606 1342; x_wconf 84' lang='lat' dir='ltr'>eum</span> <span class='ocrx_word' id='word_1_91' title='bbox 615 1298 745 1353; x_wconf 83' lang='lat' dir='ltr'>accuses,</span> <span class='ocrx_word' id='word_1_92' title='bbox 767 1286 820 1355; x_wconf 77' lang='lat' dir='ltr'>put·</span> <span class='ocrx_word' id='word_1_93' title='bbox 827 1289 872 1343; x_wconf 86' lang='lat' dir='ltr'>est</span> <span class='ocrx_word' id='word_1_94' title='bbox 879 1279 1011 1359; x_wconf 70' lang='lat' dir='ltr'>poue?</span> 
     </span>
     <span class='ocr_line' id='line_1_14' title="bbox 185 1365 896 1439; baseline 0 -14"><span class='ocrx_word' id='word_1_95' title='bbox 185 1367 240 1426; x_wconf 83' lang='lat' dir='ltr'>Sin</span> <span class='ocrx_word' id='word_1_96' title='bbox 251 1365 481 1425; x_wconf 66' lang='lat' dir='ltr'>connectendum</span> <span class='ocrx_word' id='word_1_97' title='bbox 493 1369 588 1424; x_wconf 81' lang='lat' dir='ltr'>animi</span> <span class='ocrx_word' id='word_1_98' title='bbox 598 1368 748 1438; x_wconf 72' lang='lat' dir='ltr'>inpertiam</span> <span class='ocrx_word' id='word_1_99' title='bbox 754 1368 896 1439; x_wconf 78' lang='lat' dir='ltr'>possidet,</span> 
     </span>
     <span class='ocr_line' id='line_1_15' title="bbox 187 1441 1024 1520; baseline -0.006 -11"><span class='ocrx_word' id='word_1_100' title='bbox 187 1450 267 1519; x_wconf 78' lang='lat' dir='ltr'>Quid</span> <span class='ocrx_word' id='word_1_101' title='bbox 276 1452 373 1507; x_wconf 84' lang='lat' dir='ltr'>cutem</span> <span class='ocrx_word' id='word_1_102' title='bbox 391 1461 522 1518; x_wconf 84' lang='lat' dir='ltr'>accuses,</span> <span class='ocrx_word' id='word_1_103' title='bbox 538 1447 590 1518; x_wconf 75' lang='lat' dir='ltr'>qui</span> <span class='ocrx_word' id='word_1_104' title='bbox 602 1446 636 1503; x_wconf 85' lang='lat' dir='ltr'>id</span> <span class='ocrx_word' id='word_1_105' title='bbox 644 1447 738 1520; x_wconf 81' lang='lat' dir='ltr'>parvi</span> <span class='ocrx_word' id='word_1_106' title='bbox 754 1441 1024 1515; x_wconf 80' lang='lat' dir='ltr'>auditaaestt‘met?</span> 
     </span>
    </p>
   </div>
   <div class='ocr_carea' id='block_1_4' title="bbox 102 1567 1148 3478">
    <p class='ocr_par' dir='ltr' id='par_1_4' title="bbox 102 1567 1148 3478">
     <span class='ocr_line' id='line_1_16' title="bbox 106 1567 1146 1646; baseline -0.001 -12"><span class='ocrx_word' id='word_1_107' title='bbox 106 1572 177 1645; x_wconf 78' lang='lat' dir='ltr'>iiic,</span> <span class='ocrx_word' id='word_1_108' title='bbox 201 1572 271 1633; x_wconf 88' lang='lat' dir='ltr'>sive</span> <span class='ocrx_word' id='word_1_109' title='bbox 285 1571 386 1633; x_wconf 86' lang='lat' dir='ltr'>vereri</span> <span class='ocrx_word' id='word_1_110' title='bbox 401 1571 517 1633; x_wconf 82' lang='lat' dir='ltr'>dixeris</span> <span class='ocrx_word' id='word_1_111' title='bbox 533 1571 600 1633; x_wconf 89' lang='lat' dir='ltr'>sive</span> <span class='ocrx_word' id='word_1_112' title='bbox 615 1589 678 1633; x_wconf 89' lang='lat' dir='ltr'>non</span> <span class='ocrx_word' id='word_1_113' title='bbox 689 1572 808 1646; x_wconf 88' lang='lat' dir='ltr'>vereri,</span> <span class='ocrx_word' id='word_1_114' title='bbox 835 1567 1070 1635; x_wconf 84' lang='lat' dir='ltr'>concedendum</span> <span class='ocrx_word' id='word_1_115' title='bbox 1083 1573 1146 1634; x_wconf 88' lang='lat' dir='ltr'>hoe</span> 
     </span>
     <span class='ocr_line' id='line_1_17' title="bbox 107 1653 1146 1731; baseline 0 -15"><span class='ocrx_word' id='word_1_116' title='bbox 107 1665 200 1731; x_wconf 88' lang='lat' dir='ltr'>putat,</span> <span class='ocrx_word' id='word_1_117' title='bbox 221 1666 256 1717; x_wconf 93' lang='lat' dir='ltr'>nt</span> <span class='ocrx_word' id='word_1_118' title='bbox 270 1673 366 1731; x_wconf 85' lang='lat' dir='ltr'>neges</span> <span class='ocrx_word' id='word_1_119' title='bbox 381 1672 452 1716; x_wconf 88' lang='lat' dir='ltr'>esse</span> <span class='ocrx_word' id='word_1_120' title='bbox 467 1655 685 1716; x_wconf 87' lang='lat' dir='ltr'>accusandum.</span> <span class='ocrx_word' id='word_1_121' title='bbox 714 1653 803 1729; x_wconf 78' lang='lat' dir='ltr'>Quod</span> <span class='ocrx_word' id='word_1_122' title='bbox 817 1655 1022 1717; x_wconf 88' lang='lat' dir='ltr'>conversione</span> <span class='ocrx_word' id='word_1_123' title='bbox 1037 1655 1082 1717; x_wconf 87' lang='lat' dir='ltr'>sic</span> <span class='ocrx_word' id='word_1_124' title='bbox 1097 1664 1146 1716; x_wconf 85' lang='lat' dir='ltr'>re-</span> 
     </span>
     <span class='ocr_line' id='line_1_18' title="bbox 107 1740 1146 1818; baseline 0 -21"><span class='ocrx_word' id='word_1_125' title='bbox 107 1740 326 1818; x_wconf 84' lang='lat' dir='ltr'>prehendetur:</span> <span class='ocrx_word' id='word_1_126' title='bbox 352 1740 448 1801; x_wconf 88' lang='lat' dir='ltr'>Immo</span> <span class='ocrx_word' id='word_1_127' title='bbox 471 1754 544 1799; x_wconf 87' lang='lat' dir='ltr'>vero</span> <span class='ocrx_word' id='word_1_128' title='bbox 566 1740 762 1800; x_wconf 86' lang='lat' dir='ltr'>accusandus</span> <span class='ocrx_word' id='word_1_129' title='bbox 783 1747 839 1800; x_wconf 87' lang='lat' dir='ltr'>est.</span> <span class='ocrx_word' id='word_1_130' title='bbox 873 1741 950 1800; x_wconf 84' lang='lat' dir='ltr'>Nam</span> <span class='ocrx_word' id='word_1_131' title='bbox 971 1740 998 1801; x_wconf 91' lang='lat' dir='ltr'>si</span> <span class='ocrx_word' id='word_1_132' title='bbox 1013 1750 1146 1812; x_wconf 86' lang='lat' dir='ltr'>veretur,</span> 
     </span>
     <span class='ocr_line' id='line_1_19' title="bbox 106 1821 1147 1898; baseline 0.001 -16"><span class='ocrx_word' id='word_1_133' title='bbox 106 1839 253 1895; x_wconf 89' lang='lat' dir='ltr'>accuses;</span> <span class='ocrx_word' id='word_1_134' title='bbox 269 1840 331 1885; x_wconf 92' lang='lat' dir='ltr'>non</span> <span class='ocrx_word' id='word_1_135' title='bbox 346 1823 427 1883; x_wconf 88' lang='lat' dir='ltr'>enim</span> <span class='ocrx_word' id='word_1_136' title='bbox 437 1823 525 1898; x_wconf 88' lang='lat' dir='ltr'>parvi</span> <span class='ocrx_word' id='word_1_137' title='bbox 536 1822 642 1884; x_wconf 88' lang='lat' dir='ltr'>auditu</span> <span class='ocrx_word' id='word_1_138' title='bbox 653 1821 1147 1885; x_wconf 78' lang='lat' dir='ltr'>aestimabitsmmvareaundum</span> 
     </span>
     <span class='ocr_line' id='line_1_20' title="bbox 106 1905 1144 1982; baseline 0.002 -18"><span class='ocrx_word' id='word_1_139' title='bbox 106 1905 197 1965; x_wconf 87' lang='lat' dir='ltr'>animi</span> <span class='ocrx_word' id='word_1_140' title='bbox 211 1906 368 1981; x_wconf 83' lang='lat' dir='ltr'>ingenium</span> <span class='ocrx_word' id='word_1_141' title='bbox 381 1906 538 1980; x_wconf 87' lang='lat' dir='ltr'>possidet,</span> <span class='ocrx_word' id='word_1_142' title='bbox 559 1915 662 1966; x_wconf 87' lang='lat' dir='ltr'>tamen</span> <span class='ocrx_word' id='word_1_143' title='bbox 677 1921 824 1976; x_wconf 86' lang='lat' dir='ltr'>eccuses;</span> <span class='ocrx_word' id='word_1_144' title='bbox 850 1919 913 1967; x_wconf 89' lang='lat' dir='ltr'>non</span> <span class='ocrx_word' id='word_1_145' title='bbox 929 1907 1011 1967; x_wconf 87' lang='lat' dir='ltr'>enim</span> <span class='ocrx_word' id='word_1_146' title='bbox 1025 1908 1144 1982; x_wconf 89' lang='lat' dir='ltr'>probus</span> 
     </span>
     <span class='ocr_line' id='line_1_21' title="bbox 104 1985 1144 2064; baseline -0.001 -16"><span class='ocrx_word' id='word_1_147' title='bbox 104 1996 162 2048; x_wconf 86' lang='lat' dir='ltr'>est.</span> <span class='ocrx_word' id='word_1_148' title='bbox 190 1988 241 2050; x_wconf 85' lang='grc'>84.</span> <span class='ocrx_word' id='word_1_149' title='bbox 263 1985 398 2049; x_wconf 82' lang='lat' dir='ltr'>Alterius</span> <span class='ocrx_word' id='word_1_150' title='bbox 413 1996 515 2049; x_wconf 87' lang='lat' dir='ltr'>autem</span> <span class='ocrx_word' id='word_1_151' title='bbox 529 1988 625 2063; x_wconf 87' lang='lat' dir='ltr'>partis</span> <span class='ocrx_word' id='word_1_152' title='bbox 638 1988 843 2050; x_wconf 77' lang='lat' dir='ltr'>infirmatione</span> <span class='ocrx_word' id='word_1_153' title='bbox 857 1989 917 2050; x_wconf 91' lang='lat' dir='ltr'>hoc</span> <span class='ocrx_word' id='word_1_154' title='bbox 932 1992 1025 2052; x_wconf 90' lang='lat' dir='ltr'>modo</span> <span class='ocrx_word' id='word_1_155' title='bbox 1039 2003 1144 2064; x_wconf 86' lang='lat' dir='ltr'>repre—</span> 
     </span>
     <span class='ocr_line' id='line_1_22' title="bbox 103 2071 1146 2144; baseline 0.004 -16"><span class='ocrx_word' id='word_1_156' title='bbox 103 2071 271 2132; x_wconf 86' lang='lat' dir='ltr'>hendetur:</span> <span class='ocrx_word' id='word_1_157' title='bbox 295 2072 413 2131; x_wconf 86' lang='lat' dir='ltr'>Verum</span> <span class='ocrx_word' id='word_1_158' title='bbox 434 2072 461 2131; x_wconf 90' lang='lat' dir='ltr'>si</span> <span class='ocrx_word' id='word_1_159' title='bbox 481 2080 619 2144; x_wconf 88' lang='lat' dir='ltr'>veretur,</span> <span class='ocrx_word' id='word_1_160' title='bbox 645 2071 844 2133; x_wconf 84' lang='lat' dir='ltr'>accusatione</span> <span class='ocrx_word' id='word_1_161' title='bbox 864 2081 1089 2135; x_wconf 86' lang='lat' dir='ltr'>tuacorreetus</span> <span class='ocrx_word' id='word_1_162' title='bbox 1105 2073 1146 2132; x_wconf 88' lang='lat' dir='ltr'>ab</span> 
     </span>
     <span class='ocr_line' id='line_1_23' title="bbox 105 2154 1144 2233; baseline 0 -19"><span class='ocrx_word' id='word_1_163' title='bbox 105 2162 205 2215; x_wconf 89' lang='lat' dir='ltr'>errato</span> <span class='ocrx_word' id='word_1_164' title='bbox 219 2155 353 2215; x_wconf 84' lang='lat' dir='ltr'>recedet.</span> <span class='ocrx_word' id='word_1_165' title='bbox 374 2155 570 2216; x_wconf 80' lang='lat' dir='ltr'>Enumeratio</span> <span class='ocrx_word' id='word_1_166' title='bbox 583 2155 696 2217; x_wconf 87' lang='lat' dir='ltr'>vitiosa</span> <span class='ocrx_word' id='word_1_167' title='bbox 706 2154 890 2231; x_wconf 79' lang='lat' dir='ltr'>inteiligitur,</span> <span class='ocrx_word' id='word_1_168' title='bbox 906 2156 934 2217; x_wconf 90' lang='lat' dir='ltr'>si</span> <span class='ocrx_word' id='word_1_169' title='bbox 945 2166 997 2218; x_wconf 88' lang='lat' dir='ltr'>aut</span> <span class='ocrx_word' id='word_1_170' title='bbox 1007 2165 1144 2233; x_wconf 89' lang='lat' dir='ltr'>praeter·</span> 
     </span>
     <span class='ocr_line' id='line_1_24' title="bbox 103 2237 1145 2315; baseline 0 -17"><span class='ocrx_word' id='word_1_171' title='bbox 103 2238 178 2298; x_wconf 89' lang='lat' dir='ltr'>itum</span> <span class='ocrx_word' id='word_1_172' title='bbox 200 2238 347 2315; x_wconf 84' lang='lat' dir='ltr'>quiddam</span> <span class='ocrx_word' id='word_1_173' title='bbox 361 2237 507 2312; x_wconf 88' lang='lat' dir='ltr'>dicimus,</span> <span class='ocrx_word' id='word_1_174' title='bbox 539 2240 623 2315; x_wconf 90' lang='lat' dir='ltr'>quod</span> <span class='ocrx_word' id='word_1_175' title='bbox 638 2240 769 2300; x_wconf 69' lang='lat' dir='ltr'>velimus</span> <span class='ocrx_word' id='word_1_176' title='bbox 784 2241 973 2312; x_wconf 87' lang='lat' dir='ltr'>concedere,</span> <span class='ocrx_word' id='word_1_177' title='bbox 995 2251 1048 2301; x_wconf 88' lang='lat' dir='ltr'>aut</span> <span class='ocrx_word' id='word_1_178' title='bbox 1061 2239 1145 2299; x_wconf 84' lang='lat' dir='ltr'>infir—</span> 
     </span>
     <span class='ocr_line' id='line_1_25' title="bbox 104 2322 1146 2399; baseline 0.002 -17"><span class='ocrx_word' id='word_1_179' title='bbox 104 2338 186 2383; x_wconf 93' lang='lat' dir='ltr'>mum</span> <span class='ocrx_word' id='word_1_180' title='bbox 206 2322 323 2399; x_wconf 88' lang='lat' dir='ltr'>aliquid</span> <span class='ocrx_word' id='word_1_181' title='bbox 337 2323 588 2397; x_wconf 86' lang='lat' dir='ltr'>adnumeratum,</span> <span class='ocrx_word' id='word_1_182' title='bbox 614 2325 699 2398; x_wconf 89' lang='lat' dir='ltr'>quod</span> <span class='ocrx_word' id='word_1_183' title='bbox 713 2331 766 2384; x_wconf 89' lang='lat' dir='ltr'>aut</span> <span class='ocrx_word' id='word_1_184' title='bbox 779 2331 886 2384; x_wconf 87' lang='lat' dir='ltr'>contra</span> <span class='ocrx_word' id='word_1_185' title='bbox 901 2324 961 2383; x_wconf 89' lang='lat' dir='ltr'>diei</span> <span class='ocrx_word' id='word_1_186' title='bbox 975 2324 1078 2397; x_wconf 86' lang='lat' dir='ltr'>possit</span> <span class='ocrx_word' id='word_1_187' title='bbox 1092 2330 1146 2384; x_wconf 90' lang='lat' dir='ltr'>aut</span> 
     </span>
     <span class='ocr_line' id='line_1_26' title="bbox 104 2404 1145 2481; baseline -0.004 -14"><span class='ocrx_word' id='word_1_188' title='bbox 104 2424 200 2467; x_wconf 87' lang='lat' dir='ltr'>causa</span> <span class='ocrx_word' id='word_1_189' title='bbox 213 2423 276 2467; x_wconf 90' lang='lat' dir='ltr'>non</span> <span class='ocrx_word' id='word_1_190' title='bbox 291 2405 331 2467; x_wconf 87' lang='lat' dir='ltr'>sit</span> <span class='ocrx_word' id='word_1_191' title='bbox 346 2422 441 2480; x_wconf 87' lang='lat' dir='ltr'>quare</span> <span class='ocrx_word' id='word_1_192' title='bbox 456 2422 517 2466; x_wconf 89' lang='lat' dir='ltr'>non</span> <span class='ocrx_word' id='word_1_193' title='bbox 532 2406 663 2468; x_wconf 89' lang='lat' dir='ltr'>honeste</span> <span class='ocrx_word' id='word_1_194' title='bbox 677 2406 835 2481; x_wconf 88' lang='lat' dir='ltr'>possimus</span> <span class='ocrx_word' id='word_1_195' title='bbox 850 2407 1029 2480; x_wconf 84' lang='lat' dir='ltr'>concedere.</span> <span class='ocrx_word' id='word_1_196' title='bbox 1052 2404 1145 2464; x_wconf 85' lang='lat' dir='ltr'>Prae-</span> 
     </span>
     <span class='ocr_line' id='line_1_27' title="bbox 102 2487 1143 2564; baseline -0.003 -16"><span class='ocrx_word' id='word_1_197' title='bbox 102 2488 210 2550; x_wconf 88' lang='lat' dir='ltr'>teritur</span> <span class='ocrx_word' id='word_1_198' title='bbox 225 2488 371 2564; x_wconf 86' lang='lat' dir='ltr'>quiddam</span> <span class='ocrx_word' id='word_1_199' title='bbox 385 2488 416 2547; x_wconf 91' lang='lat' dir='ltr'>in</span> <span class='ocrx_word' id='word_1_200' title='bbox 432 2488 585 2548; x_wconf 87' lang='lat' dir='ltr'>eiusmodi</span> <span class='ocrx_word' id='word_1_201' title='bbox 599 2488 905 2560; x_wconf 61' lang='lat' dir='ltr'>enumerationibus:</span> <span class='ocrx_word' id='word_1_202' title='bbox 921 2487 1072 2561; x_wconf 82' lang='lat' dir='ltr'>Quoniam</span> <span class='ocrx_word' id='word_1_203' title='bbox 1087 2487 1143 2546; x_wconf 91' lang='lat' dir='ltr'>ha-</span> 
     </span>
     <span class='ocr_line' id='line_1_28' title="bbox 103 2569 1146 2647; baseline -0.001 -16"><span class='ocrx_word' id='word_1_204' title='bbox 103 2572 160 2633; x_wconf 91' lang='lat' dir='ltr'>bes</span> <span class='ocrx_word' id='word_1_205' title='bbox 172 2571 264 2632; x_wconf 89' lang='lat' dir='ltr'>istum</span> <span class='ocrx_word' id='word_1_206' title='bbox 274 2586 399 2646; x_wconf 86' lang='lat' dir='ltr'>equum,</span> <span class='ocrx_word' id='word_1_207' title='bbox 415 2579 467 2632; x_wconf 89' lang='lat' dir='ltr'>aut</span> <span class='ocrx_word' id='word_1_208' title='bbox 478 2571 589 2633; x_wconf 89' lang='lat' dir='ltr'>emeris</span> <span class='ocrx_word' id='word_1_209' title='bbox 602 2581 724 2647; x_wconf 85' lang='lat' dir='ltr'>oportet</span> <span class='ocrx_word' id='word_1_210' title='bbox 734 2582 788 2634; x_wconf 93' lang='lat' dir='ltr'>aut</span> <span class='ocrx_word' id='word_1_211' title='bbox 796 2571 965 2635; x_wconf 84' lang='lat' dir='ltr'>hereditate</span> <span class='ocrx_word' id='word_1_212' title='bbox 976 2569 1146 2646; x_wconf 87' lang='lat' dir='ltr'>possideas</span> 
     </span>
     <span class='ocr_line' id='line_1_29' title="bbox 104 2654 1148 2731; baseline 0 -18"><span class='ocrx_word' id='word_1_213' title='bbox 104 2663 156 2718; x_wconf 86' lang='lat' dir='ltr'>aut</span> <span class='ocrx_word' id='word_1_214' title='bbox 175 2670 301 2718; x_wconf 87' lang='lat' dir='ltr'>munere</span> <span class='ocrx_word' id='word_1_215' title='bbox 321 2654 481 2731; x_wconf 87' lang='lat' dir='ltr'>acceperis</span> <span class='ocrx_word' id='word_1_216' title='bbox 502 2663 555 2717; x_wconf 87' lang='lat' dir='ltr'>aut</span> <span class='ocrx_word' id='word_1_217' title='bbox 575 2655 658 2717; x_wconf 90' lang='lat' dir='ltr'>domi</span> <span class='ocrx_word' id='word_1_218' title='bbox 672 2655 726 2718; x_wconf 89' lang='lat' dir='ltr'>tibi</span> <span class='ocrx_word' id='word_1_219' title='bbox 739 2664 830 2718; x_wconf 89' lang='lat' dir='ltr'>natus</span> <span class='ocrx_word' id='word_1_220' title='bbox 846 2656 886 2717; x_wconf 87' lang='lat' dir='ltr'>sit</span> <span class='ocrx_word' id='word_1_221' title='bbox 900 2664 966 2729; x_wconf 91' lang='lat' dir='ltr'>aut,</span> <span class='ocrx_word' id='word_1_222' title='bbox 992 2654 1019 2715; x_wconf 88' lang='lat' dir='ltr'>si</span> <span class='ocrx_word' id='word_1_223' title='bbox 1036 2670 1148 2715; x_wconf 87' lang='lat' dir='ltr'>eorum</span> 
     </span>
     <span class='ocr_line' id='line_1_30' title="bbox 103 2735 1147 2815; baseline -0.001 -17"><span class='ocrx_word' id='word_1_224' title='bbox 103 2738 177 2799; x_wconf 90' lang='lat' dir='ltr'>nihil</span> <span class='ocrx_word' id='word_1_225' title='bbox 199 2749 261 2813; x_wconf 89' lang='lat' dir='ltr'>est,</span> <span class='ocrx_word' id='word_1_226' title='bbox 287 2735 474 2815; x_wconf 87' lang='lat' dir='ltr'>surripueris</span> <span class='ocrx_word' id='word_1_227' title='bbox 495 2755 627 2802; x_wconf 89' lang='lat' dir='ltr'>necesse</span> <span class='ocrx_word' id='word_1_228' title='bbox 648 2748 710 2801; x_wconf 77' lang='lat' dir='ltr'>est:</span> <span class='ocrx_word' id='word_1_229' title='bbox 738 2742 794 2801; x_wconf 91' lang='lat' dir='ltr'>sed</span> <span class='ocrx_word' id='word_1_230' title='bbox 808 2754 912 2815; x_wconf 85' lang='lat' dir='ltr'>neque</span> <span class='ocrx_word' id='word_1_231' title='bbox 926 2738 1027 2799; x_wconf 89' lang='lat' dir='ltr'>emisti</span> <span class='ocrx_word' id='word_1_232' title='bbox 1041 2753 1147 2813; x_wconf 86' lang='lat' dir='ltr'>neque</span> 
     </span>
     <span class='ocr_line' id='line_1_31' title="bbox 102 2820 1145 2899; baseline -0.001 -17"><span class='ocrx_word' id='word_1_233' title='bbox 102 2823 272 2885; x_wconf 87' lang='lat' dir='ltr'>hereditate</span> <span class='ocrx_word' id='word_1_234' title='bbox 293 2821 377 2885; x_wconf 88' lang='lat' dir='ltr'>venit</span> <span class='ocrx_word' id='word_1_235' title='bbox 397 2836 499 2899; x_wconf 88' lang='lat' dir='ltr'>neque</span> <span class='ocrx_word' id='word_1_236' title='bbox 520 2823 653 2886; x_wconf 87' lang='lat' dir='ltr'>donatus</span> <span class='ocrx_word' id='word_1_237' title='bbox 676 2832 724 2885; x_wconf 90' lang='lat' dir='ltr'>cst</span> <span class='ocrx_word' id='word_1_238' title='bbox 745 2839 847 2898; x_wconf 84' lang='lat' dir='ltr'>neque</span> <span class='ocrx_word' id='word_1_239' title='bbox 870 2820 953 2886; x_wconf 90' lang='lat' dir='ltr'>domi</span> <span class='ocrx_word' id='word_1_240' title='bbox 974 2829 1065 2883; x_wconf 88' lang='lat' dir='ltr'>natus</span> <span class='ocrx_word' id='word_1_241' title='bbox 1081 2830 1145 2891; x_wconf 66' lang='grc' dir='ltr'>θεῖς</span> 
     </span>
     <span class='ocr_line' id='line_1_32' title="bbox 103 2899 1145 2983; baseline 0.002 -17"><span class='ocrx_word' id='word_1_242' title='bbox 103 2924 235 2969; x_wconf 87' lang='lat' dir='ltr'>necesse</span> <span class='ocrx_word' id='word_1_243' title='bbox 257 2917 305 2970; x_wconf 90' lang='lat' dir='ltr'>est</span> <span class='ocrx_word' id='word_1_244' title='bbox 325 2923 399 2983; x_wconf 80' lang='lat' dir='ltr'>ergo</span> <span class='ocrx_word' id='word_1_245' title='bbox 422 2905 616 2981; x_wconf 87' lang='lat' dir='ltr'>surripueris.</span> <span class='ocrx_word' id='word_1_246' title='bbox 652 2899 704 2968; x_wconf 78' lang='grc'>85.</span> <span class='ocrx_word' id='word_1_247' title='bbox 716 2907 786 2969; x_wconf 76' lang='lat' dir='ltr'>Hoc</span> <span class='ocrx_word' id='word_1_248' title='bbox 801 2907 964 2969; x_wconf 87' lang='lat' dir='ltr'>commode</span> <span class='ocrx_word' id='word_1_249' title='bbox 978 2904 1145 2981; x_wconf 85' lang='lat' dir='ltr'>reprehen-</span> 
     </span>
     <span class='ocr_line' id='line_1_33' title="bbox 104 2987 1147 3066; baseline -0.003 -17"><span class='ocrx_word' id='word_1_250' title='bbox 104 2990 201 3062; x_wconf 91' lang='lat' dir='ltr'>ditur,</span> <span class='ocrx_word' id='word_1_251' title='bbox 227 2990 254 3051; x_wconf 90' lang='lat' dir='ltr'>si</span> <span class='ocrx_word' id='word_1_252' title='bbox 276 2991 337 3052; x_wconf 92' lang='lat' dir='ltr'>dici</span> <span class='ocrx_word' id='word_1_253' title='bbox 358 2989 460 3066; x_wconf 91' lang='lat' dir='ltr'>possit</span> <span class='ocrx_word' id='word_1_254' title='bbox 481 3006 521 3049; x_wconf 85' lang='lat' dir='ltr'>ex</span> <span class='ocrx_word' id='word_1_255' title='bbox 541 2988 683 3051; x_wconf 85' lang='lat' dir='ltr'>hostibus</span> <span class='ocrx_word' id='word_1_256' title='bbox 699 3003 800 3065; x_wconf 84' lang='lat' dir='ltr'>equus</span> <span class='ocrx_word' id='word_1_257' title='bbox 815 3007 889 3051; x_wconf 88' lang='lat' dir='ltr'>esse</span> <span class='ocrx_word' id='word_1_258' title='bbox 904 2998 1029 3064; x_wconf 87' lang='lat' dir='ltr'>captus,</span> <span class='ocrx_word' id='word_1_259' title='bbox 1056 2987 1147 3047; x_wconf 89' lang='lat' dir='ltr'>cuius</span> 
     </span>
     <span class='ocr_line' id='line_1_34' title="bbox 102 3071 1145 3149; baseline 0.001 -20"><span class='ocrx_word' id='word_1_260' title='bbox 102 3075 238 3146; x_wconf 85' lang='lat' dir='ltr'>praedae</span> <span class='ocrx_word' id='word_1_261' title='bbox 259 3074 356 3135; x_wconf 88' lang='lat' dir='ltr'>sectio</span> <span class='ocrx_word' id='word_1_262' title='bbox 377 3090 439 3133; x_wconf 91' lang='lat' dir='ltr'>non</span> <span class='ocrx_word' id='word_1_263' title='bbox 460 3071 605 3145; x_wconf 89' lang='lat' dir='ltr'>venierit;</span> <span class='ocrx_word' id='word_1_264' title='bbox 632 3089 694 3149; x_wconf 91' lang='lat' dir='ltr'>quo</span> <span class='ocrx_word' id='word_1_265' title='bbox 709 3072 808 3147; x_wconf 84' lang='lat' dir='ltr'>illato,</span> <span class='ocrx_word' id='word_1_266' title='bbox 833 3073 1006 3133; x_wconf 86' lang='lat' dir='ltr'>infirmatur</span> <span class='ocrx_word' id='word_1_267' title='bbox 1018 3085 1145 3132; x_wconf 87' lang='lat' dir='ltr'>enume-</span> 
     </span>
     <span class='ocr_line' id='line_1_35' title="bbox 102 3152 1146 3236; baseline 0.001 -25"><span class='ocrx_word' id='word_1_268' title='bbox 102 3152 197 3221; x_wconf 68' lang='lat' dir='ltr'>ratio,</span> <span class='ocrx_word' id='word_1_269' title='bbox 214 3156 360 3227; x_wconf 85' lang='lat' dir='ltr'>quoniam</span> <span class='ocrx_word' id='word_1_270' title='bbox 374 3158 462 3218; x_wconf 84' lang='lat' dir='ltr'>idest</span> <span class='ocrx_word' id='word_1_271' title='bbox 473 3156 641 3229; x_wconf 88' lang='lat' dir='ltr'>inductum,</span> <span class='ocrx_word' id='word_1_272' title='bbox 656 3157 741 3231; x_wconf 88' lang='lat' dir='ltr'>quod</span> <span class='ocrx_word' id='word_1_273' title='bbox 755 3156 953 3236; x_wconf 84' lang='lat' dir='ltr'>praeteritum</span> <span class='ocrx_word' id='word_1_274' title='bbox 961 3164 1010 3224; x_wconf 89' lang='lat' dir='ltr'>est</span> <span class='ocrx_word' id='word_1_275' title='bbox 1022 3155 1055 3216; x_wconf 87' lang='lat' dir='ltr'>in</span> <span class='ocrx_word' id='word_1_276' title='bbox 1071 3170 1146 3214; x_wconf 87' lang='lat' dir='ltr'>enu-</span> 
     </span>
     <span class='ocr_line' id='line_1_36' title="bbox 102 3233 1146 3315; baseline 0.003 -23"><span class='ocrx_word' id='word_1_277' title='bbox 102 3233 281 3294; x_wconf 89' lang='lat' dir='ltr'>meratione.</span> <span class='ocrx_word' id='word_1_278' title='bbox 311 3239 415 3297; x_wconf 83' lang='lat' dir='ltr'>XLVI.</span> <span class='ocrx_word' id='word_1_279' title='bbox 429 3240 535 3300; x_wconf 81' lang='lat' dir='ltr'>Altero</span> <span class='ocrx_word' id='word_1_280' title='bbox 550 3249 653 3303; x_wconf 89' lang='lat' dir='ltr'>autem</span> <span class='ocrx_word' id='word_1_281' title='bbox 667 3240 760 3300; x_wconf 90' lang='lat' dir='ltr'>modo</span> <span class='ocrx_word' id='word_1_282' title='bbox 775 3238 1027 3315; x_wconf 83' lang='lat' dir='ltr'>reprehenditur,</span> <span class='ocrx_word' id='word_1_283' title='bbox 1050 3237 1077 3298; x_wconf 89' lang='lat' dir='ltr'>si</span> <span class='ocrx_word' id='word_1_284' title='bbox 1093 3244 1146 3296; x_wconf 88' lang='lat' dir='ltr'>aut</span> 
     </span>
     <span class='ocr_line' id='line_1_37' title="bbox 104 3315 1147 3402; baseline 0.003 -29"><span class='ocrx_word' id='word_1_285' title='bbox 104 3323 212 3373; x_wconf 85' lang='lat' dir='ltr'>contra</span> <span class='ocrx_word' id='word_1_286' title='bbox 225 3315 342 3388; x_wconf 88' lang='lat' dir='ltr'>aliquid</span> <span class='ocrx_word' id='word_1_287' title='bbox 352 3319 479 3392; x_wconf 84' lang='lat' dir='ltr'>dicetur,</span> <span class='ocrx_word' id='word_1_288' title='bbox 494 3322 554 3382; x_wconf 90' lang='lat' dir='ltr'>hoc</span> <span class='ocrx_word' id='word_1_289' title='bbox 565 3331 622 3397; x_wconf 86' lang='lat' dir='ltr'>est,</span> <span class='ocrx_word' id='word_1_290' title='bbox 637 3322 665 3384; x_wconf 90' lang='lat' dir='ltr'>si</span> <span class='ocrx_word' id='word_1_291' title='bbox 677 3322 811 3402; x_wconf 80' lang='lat' dir='ltr'>exempli</span> <span class='ocrx_word' id='word_1_292' title='bbox 824 3339 929 3397; x_wconf 87' lang='lat' dir='ltr'>causa,</span> <span class='ocrx_word' id='word_1_293' title='bbox 944 3330 977 3382; x_wconf 91' lang='lat' dir='ltr'>ut</span> <span class='ocrx_word' id='word_1_294' title='bbox 989 3320 1019 3381; x_wconf 92' lang='lat' dir='ltr'>in</span> <span class='ocrx_word' id='word_1_295' title='bbox 1032 3320 1147 3381; x_wconf 87' lang='lat' dir='ltr'>eodem</span> 
     </span>
     <span class='ocr_line' id='line_1_38' title="bbox 106 3401 1145 3478; baseline 0.012 -28"><span class='ocrx_word' id='word_1_296' title='bbox 106 3408 278 3460; x_wconf 85' lang='lat' dir='ltr'>versemur,</span> <span class='ocrx_word' id='word_1_297' title='bbox 306 3401 417 3469; x_wconf 87' lang='lat' dir='ltr'>poterit</span> <span class='ocrx_word' id='word_1_298' title='bbox 437 3404 559 3463; x_wconf 87' lang='lat' dir='ltr'>ostendi</span> <span class='ocrx_word' id='word_1_299' title='bbox 578 3403 747 3466; x_wconf 84' lang='lat' dir='ltr'>hereditate</span> <span class='ocrx_word' id='word_1_300' title='bbox 771 3404 913 3478; x_wconf 88' lang='lat' dir='ltr'>venisse,</span> <span class='ocrx_word' id='word_1_301' title='bbox 938 3413 989 3464; x_wconf 86' lang='lat' dir='ltr'>aut</span> <span class='ocrx_word' id='word_1_302' title='bbox 1016 3402 1043 3464; x_wconf 87' lang='lat' dir='ltr'>si</span> <span class='ocrx_word' id='word_1_303' title='bbox 1068 3402 1145 3462; x_wconf 85' lang='lat' dir='ltr'>iilud</span> 
     </span>
    </p>
   </div>
   <div class='ocr_carea' id='block_1_5' title="bbox 0 0 1292 3892">
    <p class='ocr_par' dir='ltr' id='par_1_5' title="bbox 0 0 1292 3892">
     <span class='ocr_line' id='line_1_39' title="bbox 0 0 1292 3892; baseline 0 0"><span class='ocrx_word' id='word_1_304' title='bbox 0 0 1292 3892; x_wconf 95' lang='lat' dir='ltr'> </span> 
     </span>
    </p>
   </div>
  </div>
 </body>
</html>
