2575 3892
360 216 476 274 LIBER
490 217 526 275 ll.
548 215 630 273 CAP.
647 223 751 277 9*st
772 221 798 282 §-
815 221 934 275 13-16.
1129 212 1169 273 65

1122 322 1136 347 δ

133 382 224 456 pueri
239 380 283 440 tui
298 381 391 442 modo
409 395 457 437 me
472 379 649 450 pulsatura
670 378 745 436 satis
758 378 853 436 laetas
869 384 999 451 oportet.
1028 377 1100 448 Hic,
1120 378 1173 451 qui
1268 448 1269 451 Ἴ

130 466 163 525 id
178 464 288 523 aetatis
305 464 344 521 ab
358 462 603 534 ignotopraeter
613 458 869 536 consuetudinem
883 461 1056 533 appellatus
1076 468 1171 529 esset,
1268 478 1269 535 j

132 545 265 607 erubuit.
298 547 362 604 lste
378 542 491 600 clarius
513 543 621 601 eadem
636 548 669 601 et
683 541 742 600 alia
761 541 865 600 dicere
880 543 991 615 coepit.
1026 542 1082 601 Hic
1100 544 1170 602 vix:
1268 568 1269 611 3

134 632 263 698 Tamen,
278 626 394 700 inquit,
409 624 476 683 sine
490 641 540 683 me
555 623 764 685 considerare.
787 625 862 683 Tum
873 636 950 684 vero
966 625 1025 685 iste
1040 627 1172 685 clamare

129 728 213 771 voce
224 712 293 782 ista,
310 724 390 782 quae
405 710 456 767 vel
470 708 601 768 rabulae
608 707 708 769 cuivis
719 707 851 767 rubores
864 706 976 766 elicere
989 716 1112 781 posset:
1128 711 1173 768 lta

110 830 112 835 «
130 795 276 870 petulans
298 809 333 852 es
348 800 443 876 atque
456 807 542 863 acer,
563 801 597 850 ut
617 805 658 850 ue
679 792 720 850 ad
731 790 878 851 solarium
895 791 1034 863 quidem,
1053 798 1088 849 ut
1102 791 1173 850 milri

129 877 269 946 videtur,
293 877 350 934 sed
365 890 449 950 pone
464 884 610 934 scaenam
625 882 656 934 et
675 874 707 933 in
722 874 874 935 eiusmodi
890 874 967 934 locis
984 873 1171 935 exercitatus

134 960 188 1021 sis.
212 960 418 1020 conturbatus
434 965 483 1018 est
494 960 695 1019 adolescens:
712 958 903 1030 acuminum,
919 958 969 1017 cui
983 957 1075 1017 etiam
1090 972 1174 1016 nune

132 1044 310 1119 paedagogi
324 1043 393 1102 lites
416 1043 456 1101 ad
473 1043 606 1102 oriculas
621 1050 824 1102 versarentur
838 1041 980 1117 imperito
995 1040 1173 1101 huiusmodi
1268 1090 1269 1093 ,

133 1127 357 1186 conviciorum.
394 1126 458 1185 Ubi
470 1126 550 1185 enim
572 1126 631 1185 iste
645 1124 777 1186 vidisset
799 1141 936 1186 scurram
955 1125 1105 1185 exhausto
1123 1141 1171 1183 ru·
1268 1146 1269 1183 3

129 1211 217 1280 bore,
235 1209 288 1283 qui
303 1225 339 1268 se
353 1217 476 1285 putaret
487 1209 561 1269 nihil
572 1209 696 1281 habere,
714 1212 799 1284 quod
811 1210 850 1269 de
866 1207 1091 1270 existimatione
1101 1223 1171 1282 per·
1268 1218 1269 1287 ζ

130 1295 227 1364 deret,
243 1293 392 1353 utomnia
404 1293 471 1369 sine
482 1295 582 1353 lamae
595 1294 778 1354 detrimento
791 1295 894 1353 lacere
905 1299 1035 1367 possete
1053 1291 1101 1350 15.
1114 1292 1170 1366 lgi-
1268 1292 1269 1359 ζ

128 1382 178 1435 tur
204 1393 320 1451 genera
345 1377 513 1452 figurarum
535 1393 574 1437 ex
594 1377 671 1452 ipsis
691 1377 841 1452 exemplis
865 1376 994 1451 intelligi
1012 1382 1169 1451 poterunt.

128 1460 193 1519 Erit
208 1461 289 1520 enirn
300 1469 331 1520 et
344 1469 502 1521 attenuata
512 1462 680 1521 verborum
692 1462 882 1522 constructio
893 1462 1088 1535 quaedamst
1098 1459 1170 1518 item

131 1542 192 1600 alia
204 1542 233 1599 in
250 1544 410 1616 gravitate,
426 1543 486 1603 alia
501 1545 603 1616 posita
617 1546 648 1602 in
664 1544 886 1605 mediocritate.
1268 1542 1269 1545 ’

200 1625 257 1683 Est
268 1633 371 1685 autem
383 1628 565 1698 cavendum,
577 1642 627 1696 ne,
643 1628 717 1686 dum
728 1628 806 1686 haec
819 1642 935 1700 genera
946 1634 1169 1697 consectemur,

131 1707 164 1766 in
180 1707 308 1766 finitima
324 1716 354 1767 et
367 1708 544 1782 propinqua
560 1709 635 1766 vitia
651 1708 823 1785 ueniamus
852 1710 927 1766 Nam
943 1709 1045 1783 gravis
1061 1709 1179 1801 figuratI
1268 1728 1269 1741 ι

131 1791 457 1877 quareldeaQ
464 1790 640 1885 propinqua
653 1797 701 1850 est
713 1790 749 1864 ei,
785 1806 844 1850 uae
856 1790 1000 1863 fugienda
1012 1798 1074 1860 est;
1092 1796 1180 1863 quae}
1195 1866 1198 1867 ⁷
1211 1810 1221 1869 ‘g
1245 1848 1259 1869 s

130 1881 218 1932 recte
234 1873 388 1933 videbitur
404 1862 653 1949 appelsaris‘sss'u
689 1890 708 1932 a
722 1891 741 1933 a
755 1862 1074 1934 nominabituiTNa'm
1086 1874 1127 1933 ita
1137 1857 1239 1951 ut'lzlj„⁴
1268 1884 1269 1887 ’

131 1955 1170 2033 corporisbonamhabitudinemtumorimitatursaepaitemgravis
1268 2036 1269 2039 Ἴ

131 2040 230 2101 oratio
247 2057 343 2116 saepe
357 2040 506 2117 imperitis
521 2041 644 2101 videtur
657 2057 708 2112 ea,
730 2057 810 2116 quae
825 2046 927 2116 turget
945 2049 975 2101 et
990 2041 1096 2103 inflata
1112 2049 1169 2113 est,
1268 2058 1269 2095 1

132 2140 226 2197 quum
240 2132 293 2184 aut
304 2125 397 2185 novis
411 2132 464 2185 aut
478 2124 590 2200 priscis
605 2125 711 2185 verbis
732 2133 786 2185 aut
803 2126 919 2186 duriter
934 2125 1056 2185 aliunde
1070 2130 1170 2185 trans·
1268 2158 1269 2205 γ

130 2206 202 2266 latis
218 2216 271 2267 aut
285 2209 489 2282 gravioribus,
508 2206 600 2283 quam
615 2224 667 2268 res
680 2212 827 2284 postulat
844 2209 959 2284 aliquid
974 2209 1093 2280 dieitur,
1108 2209 1168 2268 hoc

130 2291 242 2350 modo:
268 2292 344 2350 Nam
360 2291 411 2365 qui
426 2292 690 2366 perduellionibus
705 2293 843 2353 venditat
857 2293 997 2369 patriam,
1013 2309 1075 2352 non
1093 2294 1168 2353 satis
1268 2308 1269 2323 ³

130 2372 278 2449 supplicii
293 2375 426 2446 dederit,
445 2376 472 2435 si
490 2391 644 2450 praeceps
663 2377 694 2435 in
708 2376 878 2455 Neptunias
893 2377 1041 2450 depulsus
1058 2377 1114 2434 erit
1128 2379 1169 2435 la-

131 2473 240 2517 cunas.
255 2457 396 2519 Poenitet
410 2459 502 2534 igitur
517 2459 619 2531 istum,
632 2460 686 2534 qui
701 2468 822 2521 montes
834 2460 906 2520 belli
927 2458 1093 2519 fabricatus
1111 2467 1166 2529 est,
1268 2532 1269 2535 Ἴ

130 2556 260 2616 campos
274 2542 398 2602 sustulit
412 2543 508 2617 pacis.
531 2546 565 2603 ln
581 2544 641 2603 hoc
656 2559 754 2619 genus
772 2546 912 2619 plerique
927 2561 1020 2619 quum
1035 2544 1168 2603 declina·
1268 2550 1269 2623 J

129 2623 258 2690 vissent,
272 2625 370 2697 abeo,
387 2643 448 2699 quo
463 2628 596 2702 proiecti
611 2635 691 2700 sunt
704 2630 886 2689 aberrarunt
903 2636 933 2687 et
948 2629 1053 2704 specie
1068 2626 1169 2701 gravi-

128 2707 202 2767 tatis
214 2709 361 2767 lalluntur
371 2722 430 2768 nec
442 2710 621 2785 perspicere
632 2721 766 2785 possunt
779 2711 927 2773 orationis
938 2719 1098 2770 tumorem.
1115 2712 1167 2770 Xl.

131 2790 181 2848 16.
192 2788 251 2861 Qui
259 2789 290 2846 in
296 2789 453 2850 mediocre
462 2809 561 2866 genus
568 2794 718 2854 orationis
729 2796 861 2868 proiecti
872 2801 954 2864 sunt,
966 2794 993 2852 si
1004 2794 1168 2867 pervenire

131 2887 169 2931 eo
182 2887 247 2930 non
260 2878 435 2943 potuerunt,
448 2882 588 2933 errantes
605 2878 789 2948 perveniunt
801 2879 842 2936 ad
855 2876 1023 2935 confinium
1039 2876 1104 2934 eius
1117 2890 1168 2949 ge·
1268 2878 1269 2887 ’

130 2953 225 3025 neris,
243 2954 326 3027 quod
343 2957 535 3029 appellamus
549 2954 703 3037 fluctuans
717 2965 747 3016 et
763 2959 955 3035 dissolutum,
970 2975 1007 3017 eo
1021 2959 1105 3033 quod
1121 2966 1169 3019 est

124 3037 320 3125 §intimis
337 3045 367 3097 et
383 3037 502 3098 articuli
521 3028 666 3111 ‚liitlr'o'c
679 3034 774 3100 'modo
789 3034 1115 3115 appellem‘lluctuans,
1128 3058 1166 3103 eo

132 3118 216 3196 qiiod
224 3118 492 3181 lluit‘t'iiat'h'u‘i‘eiil
505 3129 554 3196 uc]
567 3134 625 3183 nec
635 3125 1168 3200 potestconfirmatenequeviriliter

103 3256 105 3259 ,
131 3221 203 3264 sese
211 3204 369 3278 expedire.
382 3207 472 3265 ldest
483 3207 674 3269 huiusmodi:
688 3208 772 3268 Socii
780 3209 876 3270 nostri
885 3212 1166 3287 quumbelligerare
1268 3238 1269 3257 2

131 3288 294 3348 nobiscum
308 3291 432 3361 vellent,
444 3293 586 3365 prolecto
601 3292 773 3352 ratiocinati
788 3302 894 3353 essent
910 3293 1000 3354 etium
1017 3304 1110 3365 atque
1122 3301 1166 3350 et·
1268 3310 1269 3355 i

131 3371 205 3441 iam,
224 3371 297 3445 quid
312 3382 445 3446 possent
459 3376 576 3448 lacere,
600 3375 626 3434 si
642 3376 765 3449 quidem
780 3393 836 3436 sua
852 3385 965 3453 sponte
979 3380 1116 3434 lacerent
1136 3379 1167 3425 et
1268 3390 1269 3393 ¹

131 3469 194 3512 non
209 3454 358 3596 habelrent
373 3456 443 3515 hinc
454 3457 612 3518 adiutores
625 3461 747 3530 multos,
764 3462 861 3519 malos
876 3458 1016 3519 homines
1031 3461 1061 3512 et
1075 3449 1172 3506 auda·

174 3552 268 3594 creua.
302 3581 309 3596 .
944 3551 961 3598 a
