2575 3892
128 234 157 284 si
382 217 499 276 trusa
513 216 550 274 11.
574 214 656 273 cnr.
673 221 757 272 1—2.
778 217 903 277 §.r—4.
1100 207 1162 289 153

129 368 256 432 caeteris
276 366 429 426 excellere
453 361 622 438 pictoribus
648 360 892 432 existimabatur,
919 374 1029 433 magno
1061 356 1163 429 pretio

128 454 312 515 conductum
338 447 552 507 adhibuerunt.
586 445 617 504 ls
638 452 669 504 et
689 452 827 504 caeteras
847 443 1022 516 complures
1042 441 1163 501 tabulas

127 534 239 614 pinxit,
267 546 396 608 quarum
417 529 565 591 nonnulla
578 543 652 603 pars
666 542 768 602 usque
782 525 822 585 ad
835 531 973 585 nostram
986 521 1164 585 memoriam

127 621 256 690 propter
275 612 338 673 lani
363 613 542 687 religionem
564 610 726 682 remansit,
755 618 799 681 et,
827 617 862 669 ut
881 609 1082 669 excellentem
1102 625 1167 668 mu-

127 697 230 757 liebr-is
253 695 372 756 lormae
392 693 629 772 pulcritudinem
649 702 734 755 muta
752 694 784 754 in
804 708 840 754 se
860 692 962 767 imago
984 691 1166 761 contineret,

90 790 93 794 “
127 781 262 841 Helenae
281 780 410 856 pingere
425 779 620 840 simulacrum
642 779 725 838 velle
742 777 833 847 dixit3
861 775 947 849 quod
962 773 1167 843 Crotoniatae,

128 860 179 937 qui
199 876 270 920 eum
289 857 430 920 muliebri
450 858 481 918 in
497 874 628 934 corpore
642 858 798 934 pingendo
813 858 978 934 plurimum
992 858 1060 918 aliis
1075 875 1162 935 prae-

128 954 207 1003 stare
219 959 315 1018 saepe
325 940 531 1016 accepissent,
545 942 676 1003 libenter
685 942 856 1003 audierunt.
877 942 1062 1003 Putaverunt
1073 942 1166 1015 enim,

128 1026 168 1099 si,
191 1042 251 1100 quo
266 1025 298 1085 in
313 1040 430 1101 genere
441 1024 605 1100 plurimum
619 1035 743 1100 posset,
765 1024 848 1087 ineo
863 1042 974 1099 magno
991 1041 1086 1100 opere
1102 1027 1162 1084 ela-

126 1112 278 1182 borasset,
299 1107 456 1183 egregium
471 1107 531 1168 sibi
546 1125 625 1182 opus
638 1108 692 1167 illo
707 1107 738 1167 in
753 1110 824 1169 lano
839 1104 1024 1169 relicturum.
1060 1107 1090 1168 2.
1106 1109 1163 1168 Ne-

127 1208 187 1267 que
208 1201 272 1253 tum
286 1207 345 1251 eos
356 1190 408 1250 illa
423 1188 527 1265 opinio
543 1189 659 1251 lelellit.
694 1191 769 1251 Nam
783 1191 897 1252 Zeuxis
923 1189 994 1252 ilico
1011 1191 1165 1266 quaesivit

125 1277 163 1334 ab
179 1273 235 1348 eis,
251 1288 402 1349 quasnam
414 1273 551 1348 virgines
567 1275 721 1335 formosas
735 1275 892 1335 haberent.
924 1273 971 1333 Illi
985 1282 1087 1335 autern
1102 1283 1163 1335 stu-

125 1358 176 1418 tim
208 1356 363 1419 homiuem
388 1357 584 1418 deduxerunt
607 1355 639 1416 in
664 1359 850 1432 palaestram
874 1351 968 1433 at‘que
991 1357 1021 1418 ei
1046 1352 1164 1433 puero's

126 1441 326 1501 ostenderunt
339 1441 461 1513 multos,
476 1456 587 1513 magna
602 1440 760 1514 praeditos
775 1441 932 1516 dignitate.
950 1440 1071 1501 Etenim
1086 1457 1163 1514 quo-

126 1524 196 1581 dam
209 1530 348 1595 tempore
363 1521 556 1581 Crotoniatae
570 1524 698 1581 multum
712 1523 854 1584 omnibus
869 1537 1034 1597 corporum
1045 1522 1163 1582 viribus

126 1612 156 1664 et
171 1603 368 1678 dignitatibus
383 1604 599 1664 antestiterunt
614 1612 708 1683 atque
719 1603 955 1666 honestissimas
967 1620 1007 1664 ex
1018 1603 1163 1681 gynrnico

126 1687 291 1747 certamine
312 1685 459 1746 victorias
479 1687 605 1746 domurn
625 1701 695 1745 cum
714 1688 806 1747 laudo
826 1686 959 1747 maxima
972 1688 1153 1747 rettulerunt

126 1771 224 1844 Quum
243 1784 410 1845 puerorum
430 1767 521 1842 igitur
541 1770 657 1829 lormas
679 1778 709 1830 et
729 1786 863 1845 corpora
876 1785 987 1844 magno
1001 1768 1053 1829 hic
1068 1784 1162 1846 opere

125 1853 300 1914 miraretur:
321 1851 453 1925 Horum,
474 1850 616 1927 inquiunt
630 1850 682 1924 illi,
705 1868 831 1914 sorores
847 1859 918 1913 sunt
931 1853 1015 1929 apud
1029 1869 1087 1914 nos
1102 1852 1161 1911 vir-

124 1936 222 2012 gines.
245 1937 354 2010 Quare,
370 1951 432 2009 qua
446 1934 507 1996 sint
520 1935 591 1995 illae
605 1934 761 2010 dignitate,
776 1943 866 2012 potes
882 1953 921 1998 ex
935 1936 984 1996 his
1000 1935 1161 2012 suspicari.

102 2021 269 2091 ,Praebete
283 2017 375 2094 igitur
388 2017 477 2092 mihi,
498 2035 626 2094 quaeso,
649 2018 757 2093 inquit,
779 2036 820 2080 ex
833 2019 902 2080 istis
915 2019 1086 2094 virginibus
1102 2020 1162 2079 lor-

123 2103 334 2173 mosissimas‚
361 2102 435 2162 dum
455 2100 549 2177 pingo
571 2101 618 2176 id,
645 2102 730 2177 quod
743 2102 898 2177 pollicitus
914 2120 982 2163 sum
995 2101 1103 2173 vobis,
1129 2110 1164 2161 ut

123 2194 240 2247 mutum
259 2186 291 2244 in
308 2183 504 2244 simulacrum
518 2184 696 2245 exanimati
710 2187 852 2259 exemplo
869 2185 981 2246 veritas
995 2186 1161 2265 transiera-

122 2279 181 2329 tur.
209 2266 238 2329 3.
253 2269 330 2328 Turn
345 2267 538 2328 Crotoniatae
558 2268 684 2344 publico
705 2268 745 2328 de
766 2267 896 2329 oonsilio
917 2268 1054 2344 virgines
1068 2283 1163 2327 unum

121 2352 153 2411 in
177 2355 281 2413 locum
302 2351 518 2412 conduxerunt
537 2360 568 2412 et
587 2349 699 2426 pictori
715 2368 806 2426 quam
820 2352 914 2411 vellet
928 2349 1061 2424 eligendi
1076 2358 1163 2424 pote-

121 2444 232 2497 statem
246 2435 405 2495 dederunt.
427 2434 482 2493 llle
493 2442 595 2494 autern
607 2433 745 2509 quinque
757 2433 884 2508 delegit3
901 2432 1163 2510 quarumnomina

120 2519 206 2580 multi
220 2520 332 2593 poetae
346 2516 513 2578 memoriae
528 2516 739 2592 prodiderunt,
755 2517 839 2592 quod
851 2516 919 2578 eius
931 2525 1037 2578 essent
1047 2515 1162 2576 iudicio

120 2603 285 2676 probatae,
309 2599 363 2675 qui
376 2600 592 2675 pulcritudinis
606 2600 722 2661 habere
736 2599 933 2661 verissimum
947 2599 1094 2673 iudicium
1109 2601 1162 2659 de·

120 2681 251 2743 buissel.
284 2683 393 2760 Neque
408 2683 488 2746 enim
503 2681 622 2759 putavit
642 2684 760 2757 omnia,
783 2700 863 2759 quae
879 2691 1040 2759 quaereret
1054 2683 1095 2742 ad
1108 2699 1162 2742 ve-

120 2773 285 2837 nustatem,
305 2781 367 2825 uno
383 2781 418 2826 se
432 2765 464 2825 in
479 2782 610 2842 corpore
623 2767 760 2842 reperire
774 2781 871 2841 posse
884 2765 966 2839 ideo,
989 2764 1074 2840 quod
1088 2763 1162 2822 nihil

122 2846 257 2922 simplici
277 2846 308 2905 in
330 2863 443 2921 genere
465 2848 606 2917 omnibus
628 2865 669 2909 ex
693 2849 832 2925 partibus
858 2850 1029 2924 perlectum
1054 2854 1163 2906 natura

121 2928 281 3005 eirpolivit
317 2931 439 3005 Itaque,
464 2937 619 3006 tamquam
641 2933 771 2993 caeteris
791 2949 853 2992 non
869 2931 910 2993 sit
921 2929 1063 2991 habitura
1077 2930 1162 3004 quod

118 3012 283 3089 largiatur,
309 3011 335 3073 si
350 3011 403 3072 uni
419 3022 530 3075 cuncta
544 3014 751 3086 concesserit,
775 3015 859 3077 aliud
874 3013 925 3074 alii
940 3011 1094 3075 commodi
1108 3012 1161 3072 ali·
1262 3060 1263 3063 ,

120 3114 184 3175 quo
199 3095 344 3157 adiuncto
360 3094 556 3159 incommodo
570 3106 756 3159 muneratur.
772 3116 775 3121 ’

201 3182 239 3240 11.
260 3177 291 3240 4.
313 3179 404 3253 Quod
425 3180 569 3255 quoniam
589 3179 681 3242 nobis
702 3197 828 3259 quoque
847 3179 1015 3243 voluntatis
1040 3179 1162 3253 accidit,

117 3274 153 3325 ut
167 3273 263 3325 artem
278 3262 401 3324 dicendi
416 3264 696 3339 perscriberemus,
721 3280 783 3324 nou
796 3280 891 3324 unum
904 3262 1032 3340 aliquod
1045 3277 1161 3338 propo-

119 3346 240 3407 suimus
256 3348 447 3423 exemplum,
474 3346 562 3408 cuius
578 3362 686 3408 omnes
699 3354 821 3422 partes,
845 3361 1042 3423 quocumque
1056 3350 1162 3403 essent

117 3428 151 3488 in
174 3445 303 3503 genere.
330 3428 551 3505 exprimendae
572 3428 663 3489 nobis
678 3427 857 3488 necessarie
873 3428 1065 3491 viderentur;
1094 3420 1161 3487 sed,
