2575 3892
332 194 450 255 LIBER
464 195 516 254 lv.
541 194 760 269 caesa-54.
782 199 810 262 S·
824 203 944 259 66-—67-
1116 200 1157 261 99

112 348 272 418 modatos;
298 346 332 406 id
354 348 439 422 quod
462 354 583 421 oportet
596 344 629 404 in
642 345 703 405 hoc
718 361 832 420 genere
847 362 1042 408 conservare.
1078 348 1158 412 Sunt

10 423 12 427 ’
112 431 188 493 item
208 429 486 492 sermocinationes
508 437 739 504 consequentes
760 429 820 489 hoc
841 445 955 504 genus=
981 431 1057 493 Nam
1080 434 1156 509 quid

111 525 257 591 putamus
279 513 350 574 illos
370 512 522 585 dicturos
550 511 577 572 si
594 513 655 572 hoc
676 511 866 571 iudicaritis?
925 514 1032 577 Nonne
1047 534 1155 579 omnes

9 589 10 594 ’
111 597 172 659 hac
186 607 310 659 utentur
325 595 486 657 oratione?
499 594 613 657 deiude
628 593 783 656 subiicere
797 612 981 658 sermonem.

122 692 133 697 ‘
193 681 270 739 Llll.
291 678 343 742 66.
353 679 565 765 ἓοη161166116
581 673 640 752 est,¹
655 696 750 754 quum
760 677 872 754 aliqua,
890 696 970 756 quae
981 697 1044 742 non
1055 683 1152 757 adest,

111 780 251 842 persona
271 752 569 855 conlingifuffiquass'u
576 762 677 843 prisii,
704 771 756 823 aut
772 780 865 837 quum
879 780 931 823 res
945 772 1028 825 muta
1042 774 1095 825 aut
1110 766 1155 826 in-

74 872 77 878 ’
112 847 220 911 formis
241 848 276 909 lit
296 848 448 922 eloquens
470 846 500 908 et
523 853 622 912 torma
643 851 672 917 ei
687 857 718 908 et
739 847 838 908 oratio
867 846 1041 909 attribuitur
1054 849 1095 907 ad
1110 849 1154 908 di-

112 931 258 1007 gnitatem
269 932 503 993 accommodata
513 941 567 992 aut
577 930 658 991 actio
671 931 833 1005 quaedam,
844 930 905 992 hoc
913 939 1021 1006 pacto:
1038 931 1156 1005 Quodsi

112 1031 196 1075 nunc
216 1015 295 1076 haec
316 1016 391 1076 urbs
406 1015 608 1076 invictissima
624 1030 734 1074 vocem
767 1014 878 1088 mittat,
908 1032 971 1075 non
985 1016 1046 1076 hoc
1060 992 1198 1090 pactos

111 1100 278 1174 loquatur?
295 1098 362 1174 Ego
377 1098 429 1161 illa
443 1098 582 1174 plurimis
597 1097 735 1172 tropaeis
750 1107 866 1171 ornata,
882 1097 1044 1174 tritunphis
1059 1098 1154 1160 ditata

111 1180 307 1254 certissimis,
324 1181 502 1242 clarissimis
517 1183 705 1258 locupletata
717 1181 863 1255 victoriis,
880 1199 962 1243 nunc
975 1182 1089 1243 vestris
1104 1199 1153 1242 66

110 1264 294 1339 ditionibus,
316 1281 335 1326 o
352 1266 453 1339 cives,
475 1282 593 1337 vexor;
614 1282 708 1341 quam
723 1265 803 1325 dolis
818 1264 972 1327 malitiosa
984 1265 1151 1340 Karthago,

108 1347 228 1409 viribus
242 1350 373 1424 probata
384 1349 553 1424 Numantia,
570 1347 743 1424 disciplinis
758 1348 880 1410 erudita
890 1348 1053 1411 corinthus
1068 1351 1151 1409 labe·

10 1427 11 1430 ’
109 1433 226 1492 iactare
240 1449 303 1493 non
317 1432 431 1507 potuit,
455 1450 524 1494 eam
537 1432 678 1508 patimini
691 1448 773 1492 nunc
787 1434 826 1492 ab
841 1432 1036 1493 homunculis
1052 1434 1152 1493 deter-

109 1514 196 1573 rimis
217 1515 333 1589 proteri
353 1523 446 1591 atque
467 1516 666 1577 conculcarit
689 1516 780 1575 Item:
806 1515 923 1589 Quodsi
943 1532 1025 1577 nunc
1045 1516 1079 1574 L.
1101 1515 1153 1577 1116

109 1597 225 1657 Brutus
244 1595 412 1658 reviviscat
432 1597 531 1658 ethic
552 1594 622 1658 ante
643 1598 742 1672 pedes
756 1606 879 1658 vestros
894 1598 989 1670 adsit,
1016 1614 1079 1659 non
1093 1598 1152 1658 bac

38 1724 45 1729 -
108 1688 213 1740 utetur
228 1678 388 1740 oratioue?
410 1679 477 1755 Ego
491 1695 582 1753 reges
596 1679 689 1752 eieci,
705 1696 763 1739 vos
777 1688 927 1758 tyrannos
941 1681 1151 1752 introducitis;

110 1779 171 1837 ego
186 1762 373 1834 libertatem,
398 1778 478 1836 quae
491 1778 554 1822 non
568 1772 648 1834 erat,
671 1762 796 1836 peperi,
818 1778 877 1822 vos
892 1771 1011 1836 partam
1026 1779 1151 1823 servare

109 1862 173 1907 non
194 1844 303 1916 vultis;
331 1861 389 1920 ego
411 1845 521 1920 capitis
542 1845 602 1905 mei
624 1845 763 1920 periculo
784 1845 914 1920 patriam
928 1845 1071 1919 liberavi,
1093 1864 1152 1906 vos

108 1928 199 1992 liberi
222 1931 290 1991 sine
314 1932 455 2007 periculo
483 1949 555 1993 esse
581 1949 644 1993 non
670 1930 804 1992 curatist·
834 1931 918 1990 Haec
933 1930 935 1935 '
949 1927 1152 1988 conformatio

107 2016 139 2074 in
160 2018 267 2089 plures
290 2031 341 2075 res
357 2025 458 2078 mutas
480 2025 574 2090 atque
594 2015 745 2075 inanimas
767 2015 965 2085 transfertur,
985 2013 1042 2072 sed
1058 2010 1152 2085 proli·

108 2100 150 2158 cit
164 2099 331 2173 plurimum
345 2099 376 2159 in
391 2099 642 2175 amplificationis
658 2099 799 2174 partibus
815 2106 846 2158 et
861 2095 1151 2157 commiserationis

195 2181 246 2242 67.
262 2181 469 2269 ,Significqtiq
480 2189 536 2260 ‘est
551 2200 618 2253 res,
642 2199 723 2256 quae
736 2184 808 2257 plus
822 2182 853 2241 in
868 2180 1048 2255 suspicione
1063 2178 1153 2261 reliq-

109 2263 184 2339 quit,
208 2254 453 2353 quarii‚sp”.‘o”s,it'um
467 2254 522 2327 esf
529 2258 731 2332 i'n'blatibness
750 2265 855 2325 ltatlt
865 2280 926 2340 per
940 2258 1152 2339 6166661666-

108 2364 189 2421 nem,
205 2344 392 2424 ambiguum,
406 2350 671 2423 consequentiam
683 2348 899 2420 abscisionem,
912 2347 1151 2406 similitudinem.

107 2434 167 2492 Per
186 2433 472 2510 exsuperationem,
495 2450 589 2508 quum
608 2435 681 2509 plus
704 2439 752 2492 est
772 2433 902 2504 dictum,
925 2445 1018 2506 quam
1039 2428 1154 2505 patitur

111 2523 235 2598 veritas,
251 2523 411 2598 augendae
427 2520 616 2597 suspicionis
632 2536 735 2593 causa,
752 2519 814 2580 sic:
835 2519 896 2593 Hic
907 2520 947 2580 de
961 2526 1045 2579 tanto
1062 2515 1154 2593 patri-

111 2607 216 2669 monio
237 2615 299 2668 tam
320 2607 381 2667 cito
394 2614 522 2681 testam,
550 2606 605 2680 qui
625 2603 685 2665 sibi
699 2613 785 2680 petat
798 2603 915 2680 ignem,
941 2619 1004 2664 non
1020 2601 1153 2677 reliquit.

110 2690 169 2750 Per
189 2688 379 2763 ambiguum,
407 2706 501 2763 quum
522 2688 650 2748 verbum
666 2697 770 2762 potest
782 2688 814 2746 in
830 2690 908 2748 duas
922 2687 1068 2760 pluresve
1084 2703 1153 2744 scn-

111 2770 225 2833 tentias
246 2771 364 2845 accipi,
392 2772 450 2831 sed
470 2769 621 2845 accipitur
634 2769 667 2828 in
683 2779 902 2846 campartem,
931 2784 1023 2841 quam
1038 2770 1102 2827 vult
1116 2768 1152 2839 is,

113 2854 168 2930 qui
189 2851 281 2924 dixit;
306 2863 340 2912 ut
354 2854 394 2913 de
409 2869 447 2913 eo
463 2852 491 2912 si
506 2853 608 2919 dicas,
636 2852 690 2927 qui
703 2854 813 2913 multas
828 2848 1153 2911 hereditatesadierit:

111 2935 260 3012 Prospice
275 2945 323 3009 tu,
348 2934 401 3011 qui
416 2934 580 3011 plurimum
597 2933 709 2994 cernis.
745 2935 824 2993 LlV.
839 2931 992 3007 Ambigua
1007 2932 1153 3008 quemad-

9 3053 10 3082 ;
111 3022 238 3083 modum
257 3018 385 3082 vitanda
405 3027 491 3093 sunt,
519 3035 599 3095 quae
626 3018 789 3079 obscuram
815 3018 949 3079 reddunt
973 3015 1152 3091 orationem,

110 3105 184 3167 item
198 3105 276 3166 baec
291 3103 522 3180 consequenda,
539 3118 619 3179 quae
633 3101 801 3163 conficiunt
811 3098 988 3163 huiusmodi
1000 3100 1153 3177 significa-

110 3188 236 3251 tionem.
270 3187 317 3249 Ea
329 3186 525 3266 reperientur
537 3186 644 3261 facile,
672 3185 699 3247 si
714 3187 892 3248 noverimus
907 3193 937 3247 et
951 3184 1085 3247 animum
1099 3186 1152 3243 ad·

111 3271 292 3335 verterimus
312 3275 479 3335 verborum
504 3271 656 3348 ancipites
682 3269 944 3416 66ιη161116116766
970 3276 1153 3345 potestates.
