2575 3892
145 201 165 258 7
410 190 564 250 LIBERI.
586 191 668 249 cnP.
684 198 769 252 7-9.
791 195 818 256 S·
832 197 936 251 9-12.
1125 186 1190 250 109
1275 194 1276 251 f

146 295 299 406 troversia
313 350 369 414 est,
393 339 570 402 constitutio
586 340 738 417 generalis
753 349 890 404 vocatur.
925 342 966 403 At
981 358 1075 419 quum
1091 357 1186 403 causa

146 445 188 490 ex
203 444 240 487 eo
256 427 380 502 pendet,
403 425 488 500 quod
502 441 564 483 non
580 432 633 485 aut
647 423 674 483 is
689 438 781 498 agere
795 423 936 498 videtur,
948 443 1039 501 quem
1054 434 1187 500 oportet,

146 520 200 572 aut
214 527 277 570 non
292 525 363 569 oum
378 524 432 581 eo,
454 506 578 582 quicum
594 510 730 581 oportet,
758 515 810 569 aut
824 524 887 567 non
901 509 985 585 apud
999 525 1095 584 quos,
1121 523 1185 583 quo
1275 530 1276 557 2

146 603 301 668 tempore,
325 607 387 666 qua
401 592 479 665 lege,
505 609 567 666 quo
583 590 719 663 erirmne,
742 606 804 666 qua
817 604 920 665 poena
934 600 1067 665 oportet,
1084 600 1183 651 trans·

147 677 242 735 lativa
256 674 366 734 dicitur
381 674 567 748 constitutio,
584 676 653 748 quia
684 673 764 734 actio
780 672 989 734 translationis
1005 681 1036 733 et
1050 690 1185 735 eommu-

148 757 271 818 tationis
286 757 424 832 indigere
437 757 567 828 uidetur.
586 761 689 832 Atque
703 757 810 817 harum
822 757 956 832 aliquam
967 755 997 814 in
1011 773 1101 817 omne
1113 773 1186 820 cau·

147 858 203 903 sae
222 857 321 915 genus
342 840 478 900 inridere
498 855 630 921 necesse
647 848 704 901 ast.
739 840 816 900 Nam
830 840 861 900 in
877 855 970 916 quam
983 855 1048 900 rem
1062 856 1125 901 non
1138 839 1184 899 in·
1275 876 1276 917 3

146 925 263 995 aiderit,
279 925 311 984 in
326 941 364 984 ea
377 924 452 982 nihil
467 940 538 984 esse
553 924 667 1003 poterit
681 923 927 994 controversiam
952 939 1047 997 quare
1061 937 1185 989 eamne

148 1024 274 1079 oausam
290 1008 414 1084 quidem
429 1008 575 1067 convenit
589 1006 698 1082 putari.

227 1089 276 1152 ll.
305 1095 353 1150 Ae
379 1091 450 1150 lacti
477 1090 601 1166 quidem
627 1089 895 1151 controversiain
920 1088 1022 1150 omnia
1046 1097 1187 1164 tempora
1275 1134 1276 1137 η

146 1182 249 1249 potest
270 1173 420 1234 distribui.
456 1175 532 1234 Nam
554 1172 762 1248 quidlaetum
778 1173 833 1248 sit,
857 1180 962 1249 potest
977 1172 1099 1249 quaeri,
1123 1171 1186 1233 hoe

145 1257 254 1318 modo:
277 1256 470 1318 Ooeideritne
484 1256 611 1325 Aiacem
625 1255 743 1319 Ulixes.
775 1257 813 1318 Et
828 1256 902 1332 quid
916 1257 978 1331 liat,
999 1256 1059 1317 hoo
1074 1257 1184 1316 modos
1275 1268 1276 1325 j

144 1337 273 1405 Bonane
293 1341 395 1401 animo
416 1340 478 1401 sint
491 1356 566 1416 erga
579 1342 728 1416 populum
743 1341 916 1401 Romanum
929 1339 1111 1415 Fregellani.
1146 1338 1186 1401 Et

147 1424 222 1499 quid
243 1426 376 1484 laturum
390 1424 445 1497 sit,
470 1427 530 1486 hoo
546 1424 655 1484 modo:
682 1424 715 1484 Si
728 1424 947 1499 Karthaginem
967 1423 1184 1498 reliquerimus
1275 1456 1276 1459 =

147 1508 346 1580 ineolumem,
371 1523 445 1566 num
466 1508 544 1582 quid
556 1507 596 1567 sit
609 1506 797 1567 incommodi
811 1509 852 1566 ad
866 1522 932 1567 rem
945 1507 1100 1582 publicam
1113 1523 1184 1580 per·
1275 1534 1276 1539 ¹

148 1597 318 1649 venturum.
348 1589 486 1649 Nominis
501 1597 550 1649 est
564 1589 790 1664 controversia,
811 1607 906 1665 quum
920 1591 961 1649 de
975 1590 1054 1650 laeto
1070 1605 1184 1649 conve·
1275 1590 1276 1601 ³

147 1671 192 1732 nit
206 1681 237 1732 et
251 1672 423 1747 quaeritur,
447 1673 480 1731 id
496 1673 580 1747 quod
593 1673 708 1733 lactum
723 1679 771 1732 est
786 1690 847 1747 quo
862 1673 986 1733 nomine
1003 1674 1184 1747 appelletur.

148 1756 214 1830 Quo
227 1755 261 1814 in
276 1771 391 1830 genere
404 1770 536 1815 neeesse
551 1763 599 1814 est
612 1753 684 1815 ideo
698 1755 832 1820 nominis
848 1772 920 1816 esse
932 1756 1183 1830 controversiam,
1275 1782 1276 1785 ¹

149 1839 233 1916 quod
248 1840 289 1899 de
302 1855 337 1899 re
351 1839 421 1914 ipsa
435 1855 498 1899 non
513 1838 690 1910 conveniam
705 1855 767 1899 non
784 1840 868 1914 qaod
883 1840 922 1899 de
938 1840 1018 1898 laeto
1033 1854 1095 1899 non
1111 1855 1184 1899 con·
1275 1840 1276 1843 ’

148 1931 217 1995 stet,
233 1923 291 1982 sed
306 1924 391 1998 quod
406 1922 447 1996 id,
463 1923 548 1998 quod
563 1923 677 1983 laetum
691 1922 740 1996 sit,
755 1923 839 1982 aliud
852 1922 904 1982 elii
918 1922 1059 1982 videatur
1070 1939 1141 1984 esse
1153 1930 1186 1984 ot
1275 1990 1276 1993 Ἴ

146 2005 262 2068 ideireo
278 2005 357 2066 alius
372 2005 432 2067 alio
448 2006 571 2066 nomine
586 2005 619 2067 id
632 2008 775 2082 appellet.
805 2007 903 2080 Quare
917 2002 949 2066 in
964 2005 1116 2067 eiusmodi
1131 2022 1185 2081 ge·

146 2090 272 2150 neribus
294 2090 471 2150 delinienda
490 2105 545 2150 res
564 2090 621 2150 erit
640 2090 744 2150 verbis
765 2099 796 2151 et
814 2090 949 2151 breviter
963 2090 1185 2151 describenda:
1275 2130 1276 2139 κ

146 2182 195 2245 ut,
223 2172 249 2231 si
271 2173 341 2248 quis
356 2176 478 2233 sacrum
493 2190 534 2232 ex
547 2173 666 2249 privato
682 2172 877 2250 surripuerit,
904 2182 1003 2234 utrum
1017 2175 1065 2234 lur
1080 2191 1119 2234 an
1134 2190 1184 2233 sa-
1275 2246 1276 2251 γ

149 2255 282 2328 crilegus
298 2256 338 2316 sit
352 2256 555 2319 iudicandas.
566 2257 641 2316 Nam
653 2257 686 2317 id
697 2275 789 2332 quum
803 2259 967 2333 quaeritur,
982 2274 1114 2318 neeesse
1126 2256 1186 2320 erit
1275 2262 1276 2265 ’

147 2338 278 2400 definire
291 2347 470 2416 utrumque,
494 2341 569 2416 quid
583 2341 624 2402 sit
638 2343 701 2415 lar,
724 2343 798 2416 quid
813 2342 992 2415 saerilegus,
1014 2348 1045 2402 et
1060 2358 1117 2402 sua
1130 2342 1184 2401 de·
1275 2366 1276 2371 ¹

147 2422 315 2498 scriptione
337 2424 500 2485 ostendere
521 2425 582 2485 alio
600 2425 723 2485 nomine
743 2426 825 2486 illam
838 2442 919 2499 rem,
945 2425 984 2484 de
1000 2423 1183 2500 quaagitur,
1275 2458 1276 2495 3

145 2509 297 2586 appellari
312 2517 463 2585 oportere,
486 2518 579 2585 atque
594 2511 765 2570 adversarii
780 2510 894 2570 dieunt.
990 2532 991 2535 ¹
1070 2526 1071 2529 ¹

222 2593 274 2651 lX.
297 2591 346 2653 le.
369 2594 496 2654 Generis
512 2604 560 2655 est
575 2594 795 2668 controversia,
817 2610 911 2669 quum
926 2600 964 2665 et,
981 2591 1056 2669 quid
1070 2593 1185 2653 laetum
1275 2624 1276 2629 κ

147 2676 203 2748 sit,
224 2676 383 2748 convenit,
406 2685 451 2746 et,
479 2694 541 2750 quo
556 2677 588 2735 id
603 2680 716 2737 laetum
731 2676 854 2737 nomine
868 2676 1018 2751 appellari
1033 2682 1184 2750 oporteat,

149 2765 285 2827 consina
311 2766 342 2817 et
361 2765 477 2832 tamen,
503 2767 649 2833 quantum
671 2768 701 2819 et
722 2759 894 2819 cuiusmodi
908 2765 939 2818 et
953 2758 1076 2817 omnino
1094 2759 1187 2831 quale
1275 2768 1276 2771 ’

150 2839 198 2911 sit,
214 2839 379 2913 quaeritur,
390 2841 450 2899 hoe
462 2843 570 2901 modo:
586 2844 703 2902 lustum
713 2859 753 2901 an
764 2842 919 2913 iniustum,
932 2839 1008 2900 utile
1017 2856 1056 2899 an
1069 2840 1186 2914 inutile,
1275 2880 1276 2889 .

150 2931 180 2983 et
195 2921 306 2994 omnia,
320 2921 352 2981 in
368 2922 491 2996 quibus„
507 2925 599 2997 quale
614 2924 654 2984 sit
668 2924 709 2997 id,
726 2926 810 2999 quod
826 2926 1012 2997 factumest,
1028 2923 1186 2998 quaeritur

149 3007 216 3067 sine
241 3006 305 3066 ulla
329 3005 461 3067 nominis
488 3007 709 3068 conuoversia.
746 3007 824 3069 Huic
848 3006 954 3083 generi
970 3006 1186 3083 vHermagoras

148 3099 252 3167 partes
269 3098 413 3166 quattuor
427 3092 607 3167 supposuit,
634 3091 878 3167 deliberativam,
905 3093 1187 3166 demonstrativam,

147 3174 365 3249 iuridicialem,
382 3179 577 3251 negotialem.
615 3176 705 3251 Quod
716 3177 783 3238 eius
794 3204 809 3251 ,1‘
822 3185 855 3238 ut
869 3192 928 3257 nos
941 3184 1100 3253 putamus,
1122 3193 1186 3237 non

149 3258 304 3319 mediocre
324 3269 484 3335 peecatum
504 3262 793 3337 reprehendendam
806 3262 942 3336 videtur,
970 3278 1075 3322 verum
1088 3257 1187 3328 brevi,

146 3352 268 3415 aeaut,
291 3346 318 3404 si
332 3344 416 3406 taciti
431 3345 693 3419 praeterierimus,
715 3346 782 3405 sine
798 3362 893 3406 eausa
908 3363 971 3406 non
986 3344 1085 3403 secuti
1100 3346 1187 3412 pute-

145 3443 230 3500 mum
256 3435 323 3500 aut,
349 3429 376 3491 si
402 3428 520 3489 dlutius,
539 3430 569 3487 in
591 3429 651 3489 hoe
677 3431 922 3501 constiterimus,
948 3441 1066 3486 moram
1092 3425 1187 3486 atque
