2575 3892
144 233 178 291 n
372 225 526 284 rinnai.
549 225 631 284 cnr.
648 234 769 309 n-ar.
791 232 817 293 s.
832 234 953 290 oa—-oe
1121 225 1184 293 147
1272 290 1273 293 γ

144 351 362 437 mentationem
377 390 478 450 aeque
503 376 591 434 firma
613 383 666 434 aut
684 373 801 436 firmior
814 374 948 451 ponitur.
1002 377 1070 438 Hoc
1085 393 1185 452 genus

143 459 175 520 in
189 457 462 518 deliberationibus
476 457 610 516 maxime
624 457 813 531 versabitur,
835 474 930 532 quum
943 458 1074 535 aliquid,
1099 461 1184 536 quod
1272 456 1273 497 ³

144 549 252 602 contra
265 540 401 614 dicatur,
421 555 555 615 aequum
570 556 641 600 esse
658 538 868 613 concedimus,
890 541 947 601 sed
960 540 1001 614 id,
1025 545 1110 618 quod
1124 560 1184 605 nos

144 622 349 698 defendimus,
369 623 580 700 necessarium
594 623 943 693 esse‘dcmonstramum
966 633 1018 687 aut
1033 643 1127 699 quum
1138 624 1183 701 id,

146 708 231 782 quod
244 705 288 765 illi
303 707 478 779 defendam,
494 707 567 767 utile
583 723 656 767 esse
672 709 837 776 lateamur;
861 706 947 781 quod
962 722 1020 766 nos
1035 706 1184 783 dicamus,
1272 776 1273 779 Ἴ

144 791 308 850 honestum
321 805 394 851 esse
408 786 666 850 demonstremus.
688 793 735 850 Ac
751 790 790 850 de
803 787 1048 865 reprehensione
1061 788 1184 865 quidem
1198 846 1203 854 ,

138 872 219 933 >baec
235 868 478 934 existimavimus
494 889 565 933 esse
581 871 723 934 dicenda.
744 872 900 947 Deinceps
915 888 997 934 nunc
1009 872 1049 932 de
1061 874 1184 933 conclu·
1272 920 1273 925 1

146 972 233 1016 sione
248 972 411 1030 ponemus.

220 1036 271 1101 97.
291 1040 498 1115 Hermagoras
519 1037 746 1114 digressionem
762 1039 890 1112 deinde,
917 1047 982 1101 tum
996 1046 1185 1115 postremam
1272 1086 1273 1089 ,

144 1120 375 1183 conclusionem
399 1121 496 1197 ponit.
531 1122 565 1180 lu
591 1121 650 1180 hac
675 1130 778 1182 autem
804 1119 1003 1195 digressione·
1022 1120 1074 1180 ille
1098 1128 1186 1196 putat

143 1212 288 1279 oportere
306 1206 466 1279 ‘quandam
484 1203 590 1264 inferri
611 1203 796 1277 orationem,
822 1222 841 1264 a
856 1219 951 1265 causa
966 1208 1058 1280 atque
1072 1220 1091 1263 a
1105 1203 1184 1264 iudi-

143 1287 263 1369 catione
283 1287 354 1363 ipsa
373 1296 536 1361 remotam,
565 1303 644 1363 quae
666 1294 719 1348 aut
740 1287 788 1348 sui
808 1288 932 1348 laudem
947 1296 999 1348 aut
1013 1285 1184 1348 adversarii
1272 1284 1273 1323 3

141 1369 396 1445 vituperationem
418 1371 573 1432 contineat
592 1378 645 1430 aut
664 1369 695 1429 in
716 1369 807 1430 aliam
828 1386 955 1433 causam
969 1372 1117 1444 deducat,
1143 1385 1184 1430 ex

144 1469 206 1526 qua
219 1453 363 1512 conficiat
376 1452 494 1528 aliquid
508 1452 749 1513 confirmationis
764 1462 817 1514 aut
830 1453 1098 1528 reprehensionis,
1119 1470 1183 1513 non
1272 1478 1273 1499 1

143 1535 401 1608 argumentando,
425 1535 482 1594 sed
502 1536 644 1607 augendo
660 1551 718 1609 per
733 1535 888 1609 quandam
902 1535 1181 1609 amplificationem.
1226 1580 1230 1587 »
1272 1536 1273 1545 ’

141 1617 229 1677 lianc
250 1615 278 1676 si
300 1616 354 1690 qui
368 1625 487 1690 partem
498 1617 622 1691 putabit
629 1632 701 1676 esse
718 1616 881 1690 orationis,
906 1625 1055 1692 sequatur
1068 1616 1181 1678 licebit
1272 1692 1273 1695 Ἴ

141 1702 218 1761 Nam
233 1705 265 1759 et
276 1697 411 1774 augendi
426 1708 457 1759 et
469 1698 617 1759 laudandi
631 1705 663 1760 et
674 1697 871 1774 vituperandi
881 1708 1050 1774 praecepta
1061 1718 1080 1759 a
1091 1699 1182 1760 nobis

140 1782 253 1859 partim
274 1782 346 1843 data
368 1790 454 1855 sunt,
479 1780 591 1856 partim
612 1797 670 1841 suo
686 1780 756 1842 loco
772 1783 934 1844 dabuntur.
968 1782 1065 1842 Nobis
1080 1788 1183 1842 autem

140 1884 203 1928 non
219 1865 337 1942 placuit
349 1865 429 1924 hanc
443 1871 563 1940 partem
578 1864 609 1924 in
623 1881 783 1929 numerum
797 1864 917 1940 reponi,
935 1865 1073 1940 quotide
1088 1881 1183 1927 eausa
1272 1898 1273 1905 κ

140 1949 261 2025 digredi
281 1946 342 2009 nisi
356 1965 414 2024 per
426 1950 529 2009 locum
545 1964 737 2010 communem
753 1947 911 2024 displicet:
937 1966 998 2024 quo
1014 1949 1054 2008 de
1068 1964 1182 2022 genere

139 2031 298 2109 posterius
314 2041 362 2093 est
376 2031 549 2092 dicendum.
570 2032 694 2095 Laudes
708 2040 810 2107 autem
825 2040 855 2093 et
864 2031 1107 2108 vituperationes
1118 2048 1182 2092 non

141 2114 307 2191 separatim
321 2117 424 2190 placet
434 2114 566 2188 tractari,
582 2115 640 2176 sed
650 2114 682 2175 in
692 2115 770 2191 ipsis
783 2114 1097 2191 argumentationibus
1109 2131 1182 2175 esse

139 2198 322 2273 implicatas.
344 2199 431 2258 Nunc
440 2197 579 2259 dicemus
594 2199 634 2258 de
650 2196 862 2258 conclusione.
1008 2214 1011 2219 ·

222 2281 285 2340 Lll.
307 2280 358 2343 98.
375 2280 539 2342 Conclusio
555 2290 604 2342 est
616 2282 719 2341 exitus
735 2290 765 2340 et
780 2278 990 2342 determinatio
1005 2281 1099 2341 totius
1113 2297 1180 2340 ora-

137 2364 241 2427 tionis.
276 2365 362 2427 Haec
383 2365 476 2426 babet
488 2372 595 2440 partes
609 2374 688 2439 tres,
716 2363 992 2437 enumerationem,
1018 2362 1180 2438 indignati-

139 2466 238 2520 onem,
251 2447 518 2523 conquestionem.
535 2446 733 2529 Enumeratio
745 2456 800 2520 est,
814 2463 873 2523 per
880 2455 1029 2523 quamres
1038 2444 1181 2522 disperse

137 2540 170 2593 et
188 2531 302 2593 diffuse
322 2531 423 2593 dictae
443 2531 589 2592 nnumin
610 2533 714 2592 locum
735 2538 887 2606 eoguntur
907 2538 947 2592 et‘
960 2528 1180 2591 reminiscendi

138 2614 234 2675 causa
258 2631 353 2674 unum
378 2616 437 2675 sub
462 2622 623 2690 aspectum
648 2612 859 2677 subiiciuntur.
894 2615 979 2674 llaec
995 2613 1031 2673 ‘si
1056 2629 1180 2688 semper

89 2730 91 2733 v
139 2697 249 2757 eodem
262 2697 355 2758 modo
370 2696 557 2770 tractabitur,
572 2697 739 2773 perspicue
753 2697 792 2758 ab
805 2696 947 2760 omnibus
959 2695 1088 2756 artificio
1102 2712 1178 2770 quo-

138 2780 209 2839 dam
222 2778 344 2838 tractari
358 2778 559 2854 intelligetur,
581 2779 729 2840 sinvarie
744 2781 805 2853 liet,
828 2788 859 2840 ct
872 2778 951 2837 hanc
968 2777 1178 2853 suspicionem

138 2870 169 2922 et
190 2859 360 2922 satietatem
374 2861 471 2921 vitare
485 2861 607 2936 poterit.
645 2863 745 2936 Quare
759 2872 823 2923 tum
839 2860 993 2937 oportebit
1006 2860 1050 2920 ita
1064 2861 1177 2934 lacere,

136 2952 170 3007 ut
200 2943 343 3020 plerique
366 2944 482 3005 faciunt
505 2955 634 3019 propter
658 2945 850 3021 facilitatem,
887 2942 1061 3019 singillatim
1085 2952 1177 3003 unam

137 3042 293 3125 quamque
312 3043 379 3088 rem
399 3026 548 3104 attingere
569 3035 600 3090 et
614 3027 656 3089 ita
672 3042 780 3090 omnes
793 3027 925 3090 transire
938 3026 1073 3088 breviter
1086 3043 1176 3103 argu·

134 3119 355 3184 mediationem
368 3119 433 3173 tum
447 3120 559 3185 autem,
573 3110 605 3172 id
621 3114 706 3188 quod
721 3112 877 3173 difficilius
893 3119 949 3185 est,
966 3110 1079 3183 dicere,
1097 3127 1175 3186 quas

35 3210 44 3217 ’
135 3205 239 3273 partes
261 3193 447 3271 exposueris
467 3195 498 3255 in
519 3194 699 3272 partitione,
725 3197 764 3256 de
787 3196 900 3272 quibus
916 3203 944 3257 te
959 3194 1114 3271 pollicitus
1131 3194 1175 3255 sis

136 3279 297 3355 dicturum,
313 3287 344 3340 et
356 3280 506 3341 reducere
519 3279 551 3340 in
565 3278 753 3353 memoriam,
770 3276 883 3355 quibus
896 3279 1067 3341 rationibus
1082 3291 1175 3338 unam

137 3380 291 3438 mamque
306 3373 427 3438 partem
440 3361 646 3435 confirmaris;
661 3371 726 3425 tum
740 3362 779 3423 ab
794 3361 842 3438 iis,
860 3362 913 3439 qui
926 3362 1063 3430 audiunt,
1080 3370 1174 3430 quae-

133 3461 219 3518 rere,
246 3444 321 3521 quid
340 3447 395 3523 sit,
423 3450 507 3527 quod
526 3447 586 3508 sibi
606 3447 687 3507 velle
713 3444 845 3508 debeant
869 3438 1087 3585 dessmrstrari
1112 3435 1173 3491 hoc
