2575 3892
360 218 477 279 LIBER
491 218 526 275 ll.
550 217 632 278 CAP.
647 226 767 278 28-30.
789 222 816 282 ι.
830 225 951 279 44—47.
1130 217 1172 280 35

141 375 240 446 legem
255 372 362 444 terret,
382 370 472 430 aliam
490 381 524 428 se
540 370 618 427 terre
633 367 754 429 dicebat
770 377 894 443 propter
918 370 1074 431 nominum
1088 388 1171 433 com-

140 453 354 515 mutationem:
375 468 446 511 nam
467 467 530 512 non
550 451 692 523 exsules,
715 453 772 509 sed
787 451 817 509 vi
832 452 947 516 eiectos
963 471 998 513 se
1020 457 1170 515 reducere

141 538 257 608 aiebam
274 535 403 611 proinde
419 533 508 609 quasi
522 533 553 592 id
568 533 679 593 luisset
692 532 722 592 in
738 533 963 611 controversia,
980 554 1040 611 quo
1056 538 1099 597 illi
1114 554 1169 599 no-

139 622 221 679 mine
236 619 464 694 appellarentur
470 622 508 689 [a
512 622 790 693 populoRomano]
803 630 855 680 aut
868 624 997 695 proinde
1009 622 1096 693 quasi
1107 637 1169 681 non

141 719 266 775 omnes,
288 700 400 775 quibus
415 709 496 774 aqua
510 708 540 760 et
553 698 617 773 igni
631 699 823 760 interdictum
838 708 901 773 est,
923 703 1049 761 exsules
1064 706 1169 776 appel-

140 789 248 845 lentur.
283 785 399 843 Verum
413 783 455 842 illi
470 784 602 842 iortesse
616 781 822 855 ignoscimus,
845 781 871 841 si
887 797 957 841 curn
972 799 1067 843 causa
1081 786 1168 855 iecit3

140 886 198 928 nos
214 876 315 927 tamen
335 866 538 939 intelligamus
561 864 705 923 vitiosum
725 880 797 923 esse
817 863 847 921 in
849 865 976 923 tendere
992 874 1169 926 controver-

140 952 217 1010 siam
231 957 323 1024 propt
325 964 358 1007 er
371 947 527 1007 nominum
541 945 797 1004 mutationem·

221 1032 326 1092 XXIX
352 1029 404 1091 46
419 1028 619 1113 „Quoniam
603 1029 766 1102 exornatio
784 1038 905 1089 constat
919 1046 959 1088 εΧ
974 1029 1125 1091 similibus
1141 1040 1172 1092 et

141 1114 337 1196 εΧειιιριιεει
356 1111 520 1205 amplificat
509 1099 653 1171 tionibus
665 1119 695 1171 et
714 1112 808 1171 rebus
829 1111 971 1173 iudicatis
993 1122 1024 1173 et
1038 1114 1169 1174 caeteris

137 1183 250 1268 rebus,
272 1211 351 1270 quae
372 1193 524 1269 pertinent
541 1194 580 1253 ad
602 1195 859 1269 exaugendamet
873 1196 1170 1271 collocupletandam

138 1277 445 1374 argumentationem,
469 1292 548 1352 quae
563 1274 624 1337 sint
636 1277 685 1337 his
699 1280 858 1339 rebust
815 1277 845 1337 vi
846 1278 904 1353 tia,
926 1279 1168 1340 consideremus

139 1363 306 1423 Similet
263 1360 294 1419 vi
295 1361 407 1422 tiosum
422 1367 485 1434 est,
508 1361 592 1435 quod
607 1362 764 1457 exaliqua
779 1369 865 1436 parte
879 1326 1027 1424 dissimile
1042 1371 1090 1424 est
1112 1380 1171 1422 nec

137 1447 229 1505 habet
243 1460 348 1518 parem
361 1444 510 1505 rationem
525 1444 761 1520 comparationis
783 1454 834 1505 εει
856 1445 942 1505 sibi
935 1447 996 1521 ipsi
1011 1447 1101 1507 obest
1089 1446 1170 1521 tqui

139 1528 238 1587 adlt
193 1536 247 1587 ert.
277 1525 619 1610 ΕΧειιιριειιιιιιιιοεειιι
634 1536 696 1599 εει,
712 1528 739 1594 ει
753 1537 805 1588 εει
820 1530 993 1588 ιειεειιιι
946 1537 1002 1602 εει,
1016 1537 1050 1588 ει
1063 1545 1169 1623 repre-

139 1610 253 1669 hendat
242 1618 305 1682 t,ur
319 1613 372 1669 aut
386 1626 413 1668 1
360 1597 656 1682 ιιιιριεΓει
668 1626 730 1669 non
745 1611 784 1671 sit
797 1610 989 1685 imitandum,
1004 1620 1057 1672 εει
1070 1610 1169 1671 maius

140 1700 193 1752 εει
206 1691 316 1764 minue,
326 1708 418 1763 quam
430 1710 481 1752 res
489 1703 563 1768 post
551 1697 636 1753 ttula
653 1697 715 1754 Res
728 1696 979 1755 iudicatavitiose
988 1697 1169 1768 proferetur,

141 1775 168 1835 si
177 1781 236 1833 εει
224 1772 390 1833 tdissimili
405 1780 444 1832 (ιε
457 1788 492 1831 re
506 1777 641 1846 proteret
642 1789 678 1832 ur
692 1781 744 1833 aut
757 1777 796 1833 de
811 1790 848 1832 ea
861 1791 905 1847 re,
921 1790 982 1848 qua
996 1776 1035 1832 de
1049 1784 1120 1835 cont
1121 1792 1169 1834 ro-

139 1854 244 1917 versia
270 1872 332 1916 non
356 1863 421 1928 est3
447 1863 501 1915 εει
522 1857 663 1929 improba
682 1865 734 1916 aut
756 1856 923 1926 eiusmodi,
944 1865 979 1916 ut
999 1864 1051 1915 aut
1065 1858 1170 1931 plures

139 1947 192 2000 εει
205 1938 304 2013 magis
318 1936 451 1997 idoneae
465 1953 516 1996 res
530 1934 683 1998 iudicatae
697 1938 736 1997 ab
750 1938 936 1998 adversariis
951 1939 1082 2013 proferri
1097 1958 1169 2016 pos-

140 2025 208 2084 sint.
231 2023 306 2082 Item
319 2019 464 2082 vitiosum
479 2020 577 2095 estid,
596 2022 682 2095 quod
696 2020 865 2081 adversarii
884 2022 995 2081 iactum
1010 2039 1082 2083 esse
1097 2039 1170 2085 con-

139 2109 295 2179 fiteantur,
318 2105 356 2164 de
372 2120 409 2165 eo
424 2102 629 2179 argumentari
642 2111 673 2163 et
685 2106 809 2180 planum
831 2105 932 2165 iacere
948 2107 1060 2166 lactum
1082 2123 1169 2179 esse;

14 2171 16 2176 ’
71 2215 76 2226 ι
94 2201 99 2254 ἰ
140 2205 210 2249 ιιειιι
230 2188 262 2247 id
282 2186 386 2262 augeri
407 2195 536 2262 oportet.
572 2189 648 2246 item
667 2187 812 2248 vitiosum
827 2187 919 2249 estid
933 2204 1062 2264 augere,
1085 2192 1170 2264 quod

141 2270 285 2334 convenit
296 2272 417 2345 docere,
431 2271 491 2330 hoo
502 2270 610 2331 modo:
625 2278 659 2329 ει
671 2269 698 2330 si
712 2269 783 2345 quis
797 2286 888 2345 quem
898 2279 1005 2347 arguat
1015 2272 1170 2332 hominem

141 2354 295 2417 occidisse
310 2362 349 2428 et,
365 2362 528 2428 antequam
538 2352 614 2413 satis
625 2353 755 2415 idoneas
769 2354 1048 2429 argumentationes
1063 2357 1169 2414 attule-

139 2441 187 2513 rit,
202 2446 314 2513 augeat
327 2445 490 2514 peccatum
505 2444 535 2497 et
549 2436 631 2497 dieat
644 2436 719 2496 nihil
733 2436 889 2512 indignius
905 2451 993 2509 esse,
1009 2453 1100 2510 quarn
1115 2437 1169 2498 ho-

140 2523 252 2583 minem
267 2521 419 2583 occidere.
440 2520 509 2581 Non
523 2519 614 2594 enim,
629 2529 729 2581 utrum
744 2520 957 2596 indignumt
917 2520 957 2581 sit
971 2536 1010 2578 an
1025 2536 1097 2594 non,
1113 2522 1169 2580 sed

141 2608 292 2666 lactumne
307 2604 356 2678 sit,
371 2604 535 2679 quaeritur.

216 2687 479 2774 complexio
416 2686 529 2747 vitiosa
532 2693 606 2765 est,
629 2703 708 2761 quae
728 2703 807 2761 non,
828 2697 862 2747 ut
882 2684 1018 2762 quidque
1039 2686 1170 2762 primum
1205 2729 1208 2730 ν

141 2770 204 2830 dict
193 2779 256 2829 tum
277 2786 310 2829 es
331 2769 500 2843 primum]
502 2767 720 2843 complectitur
735 2778 765 2829 et
779 2785 858 2844 quae
872 2787 934 2830 non
949 2768 1082 2848 breviter
1097 2786 1170 2830 oon-

70 2911 75 2918 ,
143 2851 275 2911 cluditur
286 2862 316 2912 et
328 2867 409 2926 quae
419 2871 482 2914 non
496 2871 535 2913 ex
546 2857 779 2916 enumeratione
790 2863 908 2914 certum
920 2843 1102 2912 etconstans
1117 2852 1170 2911 ali·

143 2932 218 3011 quid
231 2931 391 3007 relinquit,
411 2932 466 2991 ut
458 2948 489 2989 ιε
490 2930 656 3005 telligatur,
672 2932 746 3004 quid
760 2932 887 3005 proposi
889 2940 952 2990 tum
966 2932 997 2990 in
1012 2948 1170 3006 argumen-

142 3015 256 3079 tatione
271 3015 319 3090 sit,
335 3012 410 3090 quid
421 3012 533 3074 deinde
543 3011 670 3087 ratione,
686 3012 759 3089 quid
771 3014 1009 3091 confirmatione,
1023 3014 1096 3092 quid
1109 3024 1171 3080 tota

142 3097 404 3178 argumentatione
419 3097 670 3158 demonstratum

224 3185 315 3247 XXX.
342 3179 393 3246 47
423 3180 659 3268 Οοιιειεειεεεε,
676 3197 756 3258 quae
775 3182 859 3258 apud
873 3180 1062 3245 Graecosirr
1039 3183 1170 3264 πίιογοι

140 3268 344 3340 nominantur,
353 3253 618 3357 uiuerinae'sunt
638 3266 813 3327 Nameonst
814 3274 866 3327 ant
878 3283 918 3327 ex
931 3267 1169 3334 enumeratione,

145 3350 400 3427 amplificatione,
422 3344 702 3408 commiseratione
736 3345 888 3419 Quattuor
906 3343 982 3403 locis
1004 3340 1049 3399 uti
1064 3352 1174 3410 possu-

147 3452 214 3496 mus
237 3431 504 3495 conclusionibus:
528 3428 559 3489 in
579 3427 747 3505 principio,
739 3426 974 3563 ,secuudum3
960 3418 1176 3482 narrationem,
