2575 3892
377 208 378 213 =
469 188 662 269 ruoounuuu
678 189 842 242 numoms
1133 205 1176 246 xv

127 356 168 397 tur
189 345 300 411 vestigia
321 352 345 394 et
363 346 390 395 iu
410 344 507 406 reliqua
529 342 641 391 oratione
659 342 748 391 eodem
765 357 869 406 prorsus
883 344 961 393 modo
980 357 1046 406 quas
1063 341 1172 391 similem

118 415 281 466 >senteutiam
296 413 391 463 habent
407 413 533 462 adiectiva
549 411 614 458 iuter
631 423 660 457 se
680 411 811 459 coniuncta
827 412 952 476 leguuttu.
976 427 1000 463 c.
1019 409 1064 462 52.
1082 413 1107 471 S.
1126 409 1171 464 65.

125 485 218 548 scripsi
235 497 270 531 ex
282 481 354 532 libris
366 494 447 545 paene
461 478 593 529 omnibus:
613 479 671 541 quin
687 477 745 525 nini
759 487 863 539 praesto
878 481 945 542 sirit?
962 481 1100 545 vulgatam
1111 481 1175 529 scri·

125 561 229 618 pturum
244 557 356 613 praesto.
365 551 396 611 pit
412 550 532 599 vitiosam
549 559 607 595 esse
625 553 693 595 recte
710 544 774 594 uidit
792 546 936 612 Madvigius
953 549 988 598 ad
1004 549 1057 600 cie.
1076 549 1110 598 de
1124 550 1171 610 fin.

125 636 154 687 p.
180 615 241 671 449.
266 619 313 668 sed
337 632 387 667 non
411 630 471 667 rere
494 615 638 673 emendavit
658 621 764 677 prante
783 622 809 665 at
831 617 947 677 (praem
970 616 1021 681 est)
1048 617 1172 667 scribens.

128 704 152 739 e.
170 686 211 738 63.
229 689 255 749 §.
273 683 316 739 66.
334 680 546 749 16Ιίᾳυὶ361136
563 683 691 748 volgatam
709 684 875 747 scripturum:
894 686 927 745 lit
943 686 1059 748 εὶοᾳιιαιε
1077 692 1102 735 et
1113 686 1172 750 for·
1241 682 1245 699 “

127 765 195 806 rnna
211 763 236 805 ct
253 757 279 806 ei
294 757 377 806 oratio
395 754 540 805 attribuitur
557 759 614 816 etc,
633 754 681 802 sed
698 768 731 801 ex
748 751 869 802 librorum
886 752 1002 816 vestigiis
1020 756 1082 802 sutis
1099 755 1173 802 certis

128 826 203 875 credo
218 824 403 874 restituendum
413 838 472 876 esse
488 830 590 872 auctore
606 819 732 871 Grouorio
746 821 869 885 aliisque:
884 823 916 884 stt
929 822 1047 886 elcqrcens
1057 822 1173 883 etlotnta

127 896 152 944 ci
167 901 192 947 et
208 891 291 943 oratio
308 891 452 942 attribuitur
467 899 515 943 etc.
540 905 562 942 c.
581 888 626 939 bb.
641 891 667 950 §.
683 887 727 941 68.
746 893 820 940 omisi
841 905 899 939 cum
922 891 994 939 libris
1013 889 1130 939 comibus
1149 897 1174 938 et

125 963 276 1028 particulam
291 969 351 1010 ante
363 961 468 1019 sadans,
485 960 540 1023 qua*
551 959 626 1009 facile
639 973 765 1008 ememus.
783 959 899 1023 Exposui
911 958 975 1008 haec
986 958 1073 1024 paullo
1086 959 1172 1022 capio

127 1033 184 1089 s'urs
201 1038 225 1079 et
244 1029 404 1094 explicatius,
423 1043 499 1093 quam
517 1043 564 1094 pro
581 1028 679 1077 ratione
697 1026 774 1076 huius
793 1028 920 1088 editionis,
938 1028 970 1076 de
987 1027 1119 1077 rhetoricis
1137 1027 1172 1076 ad

129 1098 157 1151 G.
174 1098 335 1150 Herennium.
362 1096 400 1147 De
417 1097 488 1148 libris
507 1098 539 1147 eie
556 1098 694 1147 inomnone
711 1097 813 1145 brevior
825 1110 878 1145 ero.

196 1167 251 1220 Lib.
266 1167 299 1218 dc
316 1169 365 1218 ino.
376 1168 397 1218 Ι.
407 1183 429 1219 c.
441 1169 465 1220 1.
475 1168 500 1227 S.
514 1165 540 1218 2.
550 1165 642 1228 scripsi
658 1164 794 1216 testamen
811 1178 879 1215 nore
893 1181 907 1215 e
923 1165 996 1215 libris
1011 1164 1128 1229 plurimis
1147 1171 1172 1212 et

126 1235 233 1286 Atacino
245 1237 276 1286 dc
288 1244 345 1286 arte
358 1236 422 1287 rhet.
434 1251 460 1301 p.
472 1232 536 1286 359.
555 1235 620 1284 Nam
631 1235 700 1296 quod
712 1234 836 1284 Victorini
852 1235 1026 1284 auctoritatem
1044 1234 1170 1295 adierunt,

128 1319 158 1355 ea
168 1312 302 1370 propterea
311 1319 404 1371 magna
415 1320 466 1354 non
477 1313 524 1364 est,
539 1304 609 1367 quod
622 1303 650 1353 iu
662 1303 721 1353 aliis
733 1303 886 1354 editionibus
898 1304 978 1363 ando,
995 1303 1022 1352 iu
1034 1302 1090 1351 aliis
1102 1316 1169 1351 nore

126 1374 228 1439 legitur.
248 1389 271 1422 c.
289 1369 315 1426 3.
334 1376 358 1435 ς.
372 1371 400 1426 4.
420 1375 511 1438 scripsi
528 1380 646 1437 tenpore,
665 1387 713 1438 quc
732 1380 779 1424 etc.
798 1387 845 1436 pro
862 1388 892 1423 eo
909 1380 1028 1435 tenpore,
1047 1378 1169 1435 pavete..

126 1443 188 1505 quia
210 1457 260 1491 nou
281 1442 363 1492 solum
381 1445 407 1492 iu
424 1444 473 1493 dar
490 1443 558 1501 Zeti,
579 1442 626 1490 sed
642 1445 718 1491 ctiam
734 1443 761 1490 in
778 1443 848 1490 emer
865 1442 936 1504 leit,
954 1442 981 1488 in
997 1440 1103 1488 nelcber
1120 1446 1169 1488 etc.

127 1511 178 1560 dici
194 1518 301 1575 poterat.
321 1526 343 1564 c.
356 1511 384 1563 6.
396 1511 420 1572 S.
436 1507 463 1562 7.
478 1511 553 1561 omisi
564 1509 694 1568 audaciter
710 1510 788 1558 verba
804 1515 829 1557 ct
843 1509 1031 1570 manuue,
1050 1522 1100 1556 uon
1117 1515 1169 1554 tam

124 1586 275 1643 propterea,
295 1578 365 1641 quod
386 1579 414 1627 in
435 1578 507 1628 libris
526 1579 612 1626 multis
631 1579 727 1627 omissa
744 1583 803 1626 suut
820 1601 856 1613 -
870 1584 989 1641 poteraut
1010 1576 1077 1624 enim
1095 1574 1171 1623 tacsse

127 1647 210 1694 amitti
216 1652 323 1708 propter
329 1638 538 1707 ipotoettcveon
543 1670 587 1703 -,
599 1659 676 1704 quam
687 1647 748 1705 quia
758 1645 786 1691 iu
796 1643 852 1691 aliis
864 1645 936 1692 libris
947 1651 971 1692 et
983 1644 1171 1703 consonatione,

126 1715 157 1761 in
180 1711 237 1757 aliis
257 1713 296 1758 oet
317 1711 495 1758 autumnoue
516 1710 642 1772 scribitur,
667 1717 696 1756 ut
711 1710 841 1772 glossema
857 1717 986 1770 appareat.
1016 1723 1039 1758 c.
1057 1708 1082 1759 6.
1102 1709 1127 1768 §.
1144 1706 1169 1758 9.

130 1775 236 1839 scripsi:
253 1789 332 1839 neque
349 1789 388 1839 eo,
406 1776 473 1840 quod
488 1783 536 1828 ctc.
552 1789 599 1839 pro
615 1790 693 1839 nequa
704 1789 734 1824 cc
747 1774 812 1837 dico,
828 1776 895 1838 qnod
911 1781 956 1823 etc.
975 1773 1039 1822 Nam
1051 1777 1078 1823 in
1092 1777 1171 1823 omui-

128 1844 179 1896 bus
199 1857 281 1908 pueue
304 1843 375 1892 libris
398 1846 504 1896 verbum
519 1845 642 1893 omissum
659 1850 717 1903 est,
736 1843 763 1892 in
779 1843 931 1905 quibusdam
949 1843 1025 1892 etium
1043 1844 1172 1910 glossema

127 1913 296 1975 adscriptum:
311 1913 366 1964 scil.
378 1912 425 1963 boc
439 1915 503 1973 deco,
523 1921 551 1963 ut
568 1913 600 1963 tle
616 1927 678 1962 vcra
694 1912 791 1961 ratione
804 1912 848 1961 vix
859 1920 935 1975 queat
947 1913 1065 1965 dubitari.
1082 1913 1170 1964 Paullo

126 1988 186 2047 post
205 1975 283 2043 mabil
300 1996 357 2030 cum
375 1981 446 2031 libris
460 1983 576 2033 omnibus
586 1981 659 2032 buius
670 1983 735 2033 artas
747 1981 865 2047 scribere,
882 1996 958 2044 quam
970 1990 1073 2032 auctore
1085 1983 1171 2032 Victo-

127 2051 182 2101 rino
200 2049 299 2100 bniusce
316 2051 388 2102 artas.
409 2067 432 2105 c.
446 2047 472 2104 9.
484 2053 509 2114 S.
525 2050 568 2103 12.
582 2066 664 2116 paene
679 2051 824 2101 necessario
837 2066 868 2100 ex
880 2050 950 2101 libris
962 2051 1048 2101 multis
1059 2059 1085 2101 et
1097 2052 1171 2100 bouis

125 2119 316 2169 rescribendum
332 2128 399 2169 erut:
418 2136 489 2185 qnam
507 2120 654 2171 deliberatio
671 2128 696 2171 et
706 2121 890 2180 dentonstratio,
906 2135 984 2186 nepte
995 2123 1068 2183 mace
1078 2122 1171 2170 similes

125 2189 194 2236 inter
208 2202 237 2237 se
253 2189 304 2237 sint
320 2214 355 2225 -
372 2196 397 2238 et
413 2204 481 2239 mant
497 2205 609 2255 quaeqae
623 2191 698 2252 finem
719 2189 839 2252 labeant,
864 2205 913 2253 qna
936 2191 1033 2255 referri
1054 2190 1169 2252 debeant,

126 2270 174 2321 pro
191 2270 232 2316 co,
251 2256 320 2318 quod
338 2256 447 2306 Orellius
463 2266 487 2307 et
505 2256 622 2307 Baiteuts
639 2259 774 2308 ediderunt
787 2258 882 2308 babeat
892 2286 926 2296 -
938 2259 1037 2311 debeat.
1055 2275 1080 2311 r.
1100 2275 1122 2311 c.
1141 2257 1167 2310 3.

126 2327 152 2386 §.
168 2322 194 2375 4.
213 2332 241 2373 nt
251 2350 285 2362 —
297 2325 417 2387 miniani
433 2329 486 2377 auis
504 2329 606 2392 qnt'sqae
624 2329 776 2378 necessariis
793 2334 950 2391 mgenenbtr.
977 2344 998 2376 c.
1020 2326 1062 2380 13.
1081 2329 1106 2389 §.
1125 2324 1167 2380 18.

129 2392 236 2443 delenda
254 2400 307 2443 erat
325 2394 416 2458 copula
431 2396 457 2444 iu
473 2396 557 2445 verbis
576 2396 631 2445 his:
649 2398 809 2447 considendo
823 2412 918 2461 genere
928 2412 1022 2448 conane
1035 2403 1060 2446 et
1070 2398 1169 2460 cognata

127 2463 304 2513 comtitutione
321 2462 385 2512 Nam
395 2470 420 2513 et
428 2478 510 2527 neque
520 2465 625 2514 inlibris
635 2473 674 2514 est
684 2475 708 2515 et
717 2465 801 2515 turbat
809 2468 895 2530 potius
908 2482 985 2529 quam
997 2466 1101 2516 adinum
1109 2479 1169 2514 con·

128 2531 298 2584 structionem.
318 2547 340 2581 c.
352 2530 395 2584 21.
409 2533 436 2595 §.¹
447 2531 491 2584 30.
507 2535 600 2598 scripsi
615 2536 707 2584 cecini
719 2550 765 2600 pro
778 2536 903 2585 mactarit
912 2551 962 2585 non
973 2535 1056 2584 solum
1067 2540 1169 2598 propter

129 2599 281 2663 optimorum
298 2598 419 2650 librorum
441 2604 627 2668 auctoritatem,
648 2620 736 2654 verum
754 2605 830 2653 etiam
847 2611 952 2670 propter
967 2605 1051 2667 ipsam
1070 2610 1169 2651 senten·

128 2666 198 2721 tiam.
222 2667 290 2719 itmil
306 2669 378 2720 aliud
396 2671 462 2719 euim
479 2671 529 2720 uisi
545 2671 660 2722 condicio
676 2675 786 2737 ponitur.
812 2689 834 2725 o.
854 2671 898 2726 22,
914 2675 939 2734 s.
958 2668 1002 2723 32.
1022 2672 1049 2719 iu
1068 2671 1169 2735 optimis

129 2732 207 2794 libris¹
221 2739 342 2803 scriptum
362 2745 417 2788 est:
444 2740 513 2802 Qnae
535 2748 615 2791 antem
634 2745 740 2804 partitio
757 2757 841 2792 renen
859 2741 1047 2791 distributurum
1064 2741 1171 2787 continet

131 2805 316 2869 enponitionsnt,
335 2820 381 2870 pro
399 2821 439 2871 eo,
459 2810 528 2872 quod
545 2810 620 2876 volgo
639 2811 732 2876 legitur
750 2809 915 2872 distributam,
934 2809 1003 2868 quod
1015 2821 1063 2869 ego
1075 2807 1168 2869 recepi.

131 2867 197 2922 Nam
222 2886 255 2921 ex
277 2887 307 2923 so
331 2875 399 2936 quod
414 2885 472 2928 aute
490 2879 582 2928 dicitur
602 2881 627 2939 S.
644 2877 689 2930 31.
708 2879 832 2939 expositio
844 2879 950 2936 ponitur
968 2873 1101 2924 dicabam
1118 2889 1169 2924 uon

130 2940 244 3003 sequitur
259 2940 309 2992 hoc
325 2957 425 3007 quoque
441 2945 497 2996 loco
516 2947 552 2996 ita
569 2946 705 2996 (beandum
721 2946 811 2996 luisse.
828 2958 851 2994 c.
869 2941 913 2993 23.
932 2941 1023 3006 reliqui
1040 2941 1170 3008 volgatam

130 3010 279 3074 scripturam
290 3011 369 3063 hauc:
389 3012 463 3065 Haec
474 3015 531 3065 idco
543 3015 685 3078 diligentius
694 3014 821 3064 induntur
830 3014 1009 3078 praescriptio,
1028 3020 1063 3077 nt,
1082 3023 1170 3075 aperte

128 3078 252 3130 mutuata
265 3083 382 3146 pennati
396 3087 540 3147 partitione,
556 3080 674 3146 parcitas
687 3098 806 3148 genennt
821 3083 847 3131 in
858 3085 995 3146 punitione
1003 3084 1105 3132 seruari
1110 3096 1170 3143 pos-

129 3148 170 3199 eit.
198 3149 265 3201 Illud
282 3153 363 3212 euim,
386 3153 455 3215 quod
478 3165 559 3216 nuper
574 3152 750 3207 restituerunt:
772 3153 907 3215 descriptio
919 3151 1079 3215 ss-penerati
1093 3165 1170 3212 prae-

128 3217 272 3286 scriptione,
289 3221 390 3272 videtur
400 3222 433 3271 ab
445 3224 483 3272 eis
500 3226 624 3271 mutatum
636 3237 703 3283 esse,
719 3222 764 3285 qui
775 3221 901 3286 duplicem
916 3219 984 3269 illam
999 3218 1170 3282 partitionem,

130 3284 234 3338 alteram
251 3289 405 3355 generalem,
425 3290 582 3357 singularem
600 3290 705 3342 alteram
723 3291 850 3340 nonsatis
868 3289 1054 3352 dignoscerent.
1080 3287 1106 3345 s.
1125 3280 1170 3358 33·

129 3354 155 3404 iu
167 3356 279 3412 Terentii
304 3359 361 3411 loco
378 3359 464 3410 verba:
483 3357 602 3410 Laberius
618 3358 715 3409 moenai
728 3359 778 3421 fait
792 3363 913 3420 potestas,
931 3369 997 3418 quae
1007 3366 1059 3402 uon
1076 3357 1171 3428 suntin

128 3429 199 3484 libris
217 3433 268 3482 uisi
285 3431 430 3495 perpaucis,
450 3445 481 3481 eo
498 3428 581 3493 magis
599 3425 737 3477 omittenda
753 3434 832 3486 eraut,
854 3424 923 3487 quod
939 3422 1001 3471 satis
1020 3423 1072 3468 erat
1090 3429 1116 3463 m
1135 3426 1170 3460 sl-
