2575 3892
128 192 163 246 n
308 166 475 242 ‘arnan
488 181 511 240 1.
535 179 617 241 cnr.
631 186 753 241 ιιι-ιι.
776 184 939 272 §.ee-517
1109 179 1171 241 ιιι

129 335 239 411 pallor,
260 329 373 410 pulvis,
396 338 427 391 et
442 345 522 406 quae
536 326 585 389 his
600 336 672 390 sunt
687 326 805 387 similia.
840 324 991 387 Credibile
1006 335 1063 399 est,
1087 328 1171 402 quod

130 418 198 477 sine
211 417 274 479 ullo
289 422 370 477 teste
384 411 533 474 audituris
548 409 696 487 opinione
710 411 854 481 firmatur,
870 411 929 470 hoc
944 410 1053 472 modo:
1074 410 1171 469 Nemo

129 510 193 571 est,
221 498 274 575 qui
295 514 356 558 non
378 497 492 556 liberos
515 511 591 556 suos
612 493 782 555 incolumes
804 501 834 553 et
847 494 957 553 beatos
971 509 1043 553 esse
1058 494 1172 569 cupiat.

130 583 301 644 ludicatum
324 587 373 641 est
391 594 444 639 res
459 575 648 638 adsensione
662 584 715 639 aut
728 575 908 637 auctoritate
923 582 976 635 aut
989 576 1103 637 iudicio
1117 578 1171 636 ali-

131 666 220 726 cuius
235 672 288 727 aut
301 663 473 739 aliquorum
488 661 697 736 comprobata.
719 660 755 720 ld
768 657 866 720 tribus
880 657 911 717 in
923 657 1089 732 generibus
1101 677 1173 734 spe-

132 755 239 821 ctatur,
254 746 410 821 religioso,
427 743 590 818 communi,
607 743 794 823 approbata
812 741 1004 817 Religiosum
1015 749 1071 814 est,
1089 745 1171 815 quod

130 831 220 893 iurati
235 830 354 906 legibus
368 829 551 890 iudicarunt.
588 827 756 888 Commune
771 835 833 898 est,
857 826 941 901 quod
957 839 1064 887 omnes
1078 827 1172 900 vulgo

130 915 301 991 probarunt
320 920 351 974 et
365 911 464 974 secuti
479 920 565 986 sunt,
586 910 778 973 huiusmodi:
802 918 836 971 ut
849 908 1017 970 maioribus
1033 915 1106 969 natu
1120 910 1174 967 ad-

131 1005 288 1073 surgatur,
310 1005 344 1058 ut
358 995 537 1072 supplicum
550 994 742 1056 misereatur.
778 994 993 1069 Approbatum
1009 1001 1065 1064 est,
1089 993 1174 1067 quod

130 1080 288 1153 homiues,
316 1097 411 1156 quum
426 1079 553 1139 dubium
567 1085 665 1150 esset,
693 1078 783 1153 quale
797 1076 904 1137 haberi
919 1083 1089 1152 oporteret,
1117 1091 1175 1137 sua

131 1163 357 1225 constituerunt
370 1161 566 1223 auctoritate:
582 1163 667 1221 velut
681 1159 810 1240 [Horatii
824 1161 937 1221 factum
951 1175 970 1219 a
983 1160 1101 1234 populo
1118 1175 1171 1233 ap-

129 1247 302 1323 probatum,
325 1246 409 1322 quod
426 1244 540 1306 occidit
554 1246 703 1317 sororem,
726 1261 821 1317 quum,
834 1243 886 1303 illa
900 1242 1053 1304 devictum
1070 1241 1175 1303 Curia-

129 1329 204 1391 tium
225 1329 346 1391 hostem
367 1326 512 1400 delier-em
539 1329 588 1388 vel
602 1329 646 1407 ut]
663 1327 792 1387 Gracchi
812 1326 909 1403 patris
925 1329 1054 1396 lactum,
1081 1341 1173 1402 quem

130 1413 267 1482 Populus
280 1413 439 1474 Romanus
460 1412 501 1477 ob
515 1410 548 1472 id
562 1409 715 1489 [laetum]‚
742 1412 826 1485 quod
839 1408 991 1471 insciente
1006 1409 1127 1483 collega
1140 1407 1173 1468 in

83 1501 86 1507 ¹
130 1501 264 1544 censura
279 1505 341 1548 non
356 1490 428 1549 nihil
440 1490 547 1564 gessit,
563 1497 637 1563 post
654 1504 818 1549 censuram
834 1493 995 1550 consulem
1007 1492 1089 1563 iecit.
1118 1491 1169 1550 49.

130 1567 455 1641 comparabileautem
463 1578 518 1643 est,
529 1571 612 1644 qued
620 1569 751 1628 inrebus
759 1570 1029 1632 diversissimilem
1037 1572 1170 1645 aliquam

131 1650 285 1713 rationem·
304 1649 447 1711 continet.
482 1650 558 1710 Ilius
580 1657 684 1725 partes
705 1656 776 1710 sunt
789 1655 868 1709 tres:
893 1649 1011 1727 imago,
1041 1651 1172 1723 collatio,

96 1754 100 1759 ·
132 1734 321 1811 exemplum.
348 1731 453 1806 Imago
468 1741 517 1792 est
530 1731 628 1792 oratio
645 1731 860 1791 demonstrans
875 1748 1042 1808 corporum
1056 1739 1109 1794 aut
1120 1750 1173 1793 na-

131 1826 267 1878 turarum
287 1813 525 1876 similitudinem.
568 1813 695 1874 Collatia
717 1822 766 1874 est
788 1813 885 1874 oratio
906 1830 971 1875 rem
992 1832 1061 1877 cum
1081 1832 1115 1874 re
1136 1832 1173 1876 ex

57 1944 61 1949 -
131 1898 330 1962 similitudine
346 1899 520 1959 conserens.
542 1898 726 1973 Exemplum
741 1906 798 1971 est,
815 1899 900 1973 quod
913 1915 979 1958 rem
993 1897 1174 1960 auctoritate

129 1991 182 2046 aut
204 1999 280 2044 casu
294 1980 424 2043 alicuius
439 1978 572 2043 hominis
590 1989 643 2042 aut
658 1985 774 2056 negotii
794 1981 954 2043 confirmat
967 1990 1020 2044 aut
1032 1982 1174 2042 infirmat.

129 2068 247 2128 Horum
266 2066 410 2141 exempla
431 2073 461 2126 et
481 2064 709 2140 descriptiones
729 2065 761 2124 in
786 2065 964 2140 praeceptis
990 2065 1173 2127 elocutionis

130 2156 367 2226 cognoscentur.
402 2149 449 2208 Ac
471 2150 541 2210 lons
563 2147 689 2224 quidem
710 2147 966 2222 confirmationis,
994 2157 1027 2211 ut
1042 2151 1173 2210 facultas

129 2233 212 2305 tulit,
235 2240 362 2307 apertus
377 2239 497 2292 estnec
511 2231 614 2291 minus
630 2231 780 2304 dilucide,
808 2249 898 2307 quam
912 2232 958 2292 rei
973 2242 1081 2293 natura
1095 2234 1171 2294 lere-

128 2316 196 2389 bat,
220 2316 449 2375 demonstratus
464 2323 527 2386 est;
551 2315 811 2391 quemadmodum
825 2324 926 2377 autem
941 2332 1084 2392 quaeque
1099 2332 1171 2376 con-

128 2398 245 2461 stitutio
268 2405 299 2459 et
312 2413 386 2474 pars
403 2396 628 2460 constitutionis
644 2407 675 2459 et
690 2397 790 2459 omnis
805 2398 1032 2471 commoverem,
1060 2398 1173 2458 sivein

127 2483 247 2544 ratione
262 2481 376 2542 sivein
391 2480 508 2558 scripto
524 2480 710 2555 versabitur,
737 2482 860 2543 tractari
875 2482 986 2543 debeat
1000 2488 1031 2543 et
1046 2479 1172 2558 quaein

130 2581 285 2643 quamque
300 2565 580 2641 argumentationes
592 2565 786 2638 conveniant,
803 2565 978 2642 singillatim
988 2565 1020 2625 in
1032 2566 1171 2627 secundo

128 2649 208 2709 libro
230 2650 270 2708 de
289 2664 352 2710 uno
369 2665 495 2727 quoque
509 2664 623 2725 genere
638 2648 789 2717 dicemus,
822 2651 856 2708 ln
872 2648 1027 2723 praesenti
1042 2655 1106 2709 tant
1159 2680 1172 2692 -

129 2731 223 2792 modo
245 2748 389 2793 numeros
411 2741 442 2795 et
454 2733 567 2794 modos
581 2740 613 2793 ct
626 2740 732 2808 partes
747 2730 981 2808 argumentandi
996 2733 1127 2791 confuse
1142 2740 1174 2790 et

130 2812 306 2890 permixtim
326 2815 546 2891 dispersimus;
572 2823 646 2892 post
667 2814 824 2890 descripte
845 2820 876 2873 et
896 2813 994 2872 electe
1014 2812 1046 2870 in
1072 2828 1171 2886 genus

131 2897 280 2973 quodque
295 2912 416 2974 causae,
439 2899 514 2977 quid
529 2899 642 2975 cuique
659 2897 830 2970 conveniat,
852 2911 891 2955 ex
906 2895 964 2955 hac
980 2894 1072 2970 copia
1087 2894 1172 2970 dige-

129 2995 243 3041 remus.

180 3119 185 3127 .
209 3062 269 3127 50:
281 3066 384 3142 Atque
399 3065 530 3127 inveniri
547 3065 671 3142 quidem
686 3065 786 3127 omnis
801 3081 841 3125 ex
854 3061 903 3123 his
919 3060 995 3122 locis
1010 3077 1171 3138 argumen-

128 3147 202 3212 tatio
217 3147 346 3224 poterit=
368 3148 524 3210 inventam
539 3150 683 3211 exornari
698 3157 729 3210 ct
744 3157 844 3209 certas
858 3146 888 3206 in
903 3154 1009 3222 partes
1024 3146 1172 3223 distingui

127 3239 159 3292 et
179 3232 398 3307 suavissimum
419 3241 466 3294 est
486 3242 518 3294 et
538 3249 655 3293 summe
678 3230 889 3293 necessarium
906 3237 937 3291 et
951 3230 990 3289 ab
1005 3230 1079 3291 artis
1095 3229 1172 3290 scri·

127 3315 269 3390 ptoribus
291 3315 424 3378 maxime
444 3319 626 3394 neglectum.
663 3314 762 3388 Quare
784 3321 814 3374 ιι
834 3314 873 3374 de
894 3330 932 3374 ea
952 3314 1172 3390 praeceptione

127 3398 219 3458 nobis
234 3398 310 3460 etin
325 3399 385 3460 hoe
402 3400 472 3460 loco
487 3399 653 3460 dicendum
667 3397 768 3458 visum
783 3404 839 3469 est,
861 3404 895 3456 ut
909 3395 1172 3456 adinventionem

169 3496 264 3541 meaa.
280 3483 304 3542 l.
945 3487 963 3539 tl
