2575 3892
153 203 217 266 190
527 200 578 260 DE
592 198 829 262 inventione
1188 214 1226 270 ω

154 353 240 429 quod
254 349 453 411 adversarius
468 350 615 426 accipiat,
639 350 706 411 heri
722 358 774 411 aut
787 350 913 426 intelligi
927 352 1102 416 voluissem
1131 364 1174 416 ut
1190 359 1220 417 in

152 439 211 497 hac
227 452 331 509 causa,
346 437 377 494 in
394 450 455 510 qua
470 435 509 493 de
523 435 609 495 vasis
624 435 779 509 argenteis
795 436 962 510 quaeritur,
977 440 1084 512 possit
1095 442 1221 500 mulier

152 522 266 594 dicere,
288 520 361 580 nihil
377 517 537 579 attinuisse
552 519 676 593 ascribi,
691 534 770 587 oona
784 534 889 593 votur,
906 519 933 579 si
948 519 1077 583 heredis
1095 526 1217 585 volun

151 607 205 665 tati
220 604 417 679 permitteret.
440 602 485 663 Eo
501 603 581 661 enim
595 616 658 662 non
671 603 806 677 ascripto
819 602 893 661 nihil
903 619 976 664 esse
988 605 1216 682 dubitationis

153 690 227 764 euin
240 688 347 761 hence,
370 701 450 760 quae
464 687 534 761 ipse
547 687 649 759 vellet,
665 685 761 746 daret.
796 688 970 747 nolentiam
984 689 1078 764 igitur
1095 691 1214 765 luisse,

154 789 249 848 quum
270 770 377 832 heredi
398 772 490 831 veltet
510 785 635 843 cavere,
660 771 693 830 id
708 770 878 843 ascribere,
905 784 968 845 quo
983 789 1048 833 non
1064 776 1214 849 ascripto

153 857 350 918 nihilominus
365 853 474 914 heredi
487 862 657 914 caveretur.
681 850 751 915 121.
767 853 867 928 Quare
882 854 943 914 hoe
957 871 1075 930 genere
1086 872 1215 932 magno

154 955 249 1016 opere
262 940 375 1001 talibus
389 939 421 998 in
436 938 540 998 causis
552 938 595 998 uti
607 938 775 1013 oportebit=
791 938 817 998 si
828 937 890 998 hoc
901 939 996 1000 modo
1009 940 1212 1017 scripsisset,

154 1025 213 1085 isto
228 1024 324 1085 verbo
338 1039 416 1084 usus
431 1037 494 1083 nou
509 1029 602 1096 esset,
624 1037 687 1082 non
702 1023 762 1082 isto
776 1023 846 1082 loco
860 1022 990 1082 verbum
1005 1025 1089 1084 istud
1107 1026 1211 1086 collo·

154 1116 267 1167 casset.
301 1107 378 1166 Nam
399 1121 439 1166 ex
451 1105 501 1167 his
516 1106 668 1166 sententia
681 1105 841 1181 scriptoris
856 1107 990 1166 maxime
1002 1110 1211 1183 perspicitur.

154 1193 272 1251 Deinde
286 1205 349 1265 quo
363 1199 503 1263 tempore
518 1190 666 1263 scriptum
679 1190 733 1263 sit,
756 1190 967 1265 quaerendum
980 1197 1034 1264 est,
1056 1200 1098 1265 ut,
1129 1193 1212 1268 quid

154 1290 224 1333 eum
240 1274 379 1336 voluisse
394 1274 424 1331 in
436 1273 588 1332 eiusmodi
600 1280 740 1348 tempore
750 1274 817 1332 veri
829 1274 927 1334 simile
938 1275 983 1348 sit,
998 1275 1212 1348 intelligatur.
1257 1270 1258 1323 ἶ

154 1357 227 1415 Post
241 1371 282 1414 ex
297 1354 524 1415 deliberationis
536 1357 691 1431 partibus=
707 1357 782 1431 quid
793 1357 898 1419 utilius
909 1364 936 1417 et
947 1356 1017 1433 quid
1027 1356 1212 1418 honestius

155 1446 183 1499 et
204 1439 247 1499 illi
269 1439 310 1499 ad
330 1438 527 1500 scribendum
548 1441 640 1501 ethis
656 1439 697 1502 ad
712 1442 974 1516 comprobandum
988 1441 1040 1515 sit,
1065 1441 1209 1502 demon·
1257 1440 1258 1443 ’

156 1524 331 1594 strandum
346 1530 377 1583 et
391 1537 430 1582 ex
444 1523 503 1598 his,
520 1525 546 1584 si
562 1526 634 1599 quid
652 1525 900 1607 amplificationis
916 1524 1045 1598 dabitur,
1061 1538 1206 1585 commu-

154 1608 246 1669 nibus
261 1609 405 1682 utrinque
419 1608 497 1669 locis
511 1609 556 1669 uti
571 1609 734 1684 oportebit.

239 1691 328 1751 XLII.
356 1691 404 1751 Ex
436 1692 553 1767 scripto
578 1702 608 1753 et
632 1694 785 1753 sententia
811 1692 1023 1754 controversia
1047 1690 1204 1764 consistit
1257 1748 1258 1763 ἶ

155 1791 250 1850 quum
265 1777 342 1836 alter
354 1774 458 1835 verbis
472 1776 560 1850 ipsis,
576 1792 657 1851 quae
672 1778 787 1853 scripta
802 1783 882 1850 sant,
897 1777 1000 1849 utitur,
1016 1776 1093 1835 alter
1108 1776 1154 1834 ad
1166 1776 1204 1849 id,
1257 1774 1258 1777 ’

156 1860 241 1934 quod
261 1861 444 1934 scriptorem
458 1860 598 1921 sensisse
612 1860 709 1933 dicet,
735 1874 857 1939 omnem
871 1859 1010 1934 adiungit
1024 1860 1204 1919 dictionem.

156 1942 227 2003 122.
249 1941 417 2016 Scriptoris
438 1950 540 2003 autem
561 1943 712 2003 sententia
726 1944 765 2005 ab
780 1958 834 2019 eo,
861 1944 913 2018 qui
929 1943 1083 2004 sententia
1098 1958 1136 2002 se
1152 1944 1203 2001 de·

156 2025 274 2099 tendet,
299 2031 363 2084 tum
383 2040 508 2099 semper
528 2026 568 2086 ad
582 2026 665 2086 idem
680 2035 823 2102 spectare
838 2035 868 2088 et
880 2027 962 2086 idom
976 2028 1057 2086 velle
1073 2027 1202 2086 demon-

154 2108 314 2177 strabitur;
338 2115 404 2169 tum
424 2122 464 2167 en
484 2110 565 2171 tacto
581 2118 633 2171 aut
648 2125 688 2170 ex
706 2118 819 2171 eventu
840 2111 943 2186 aliquo
965 2110 1006 2170 ad
1020 2117 1149 2186 tempus
1164 2111 1203 2185 id,

155 2191 241 2268 quod
262 2193 403 2267 instituit,
427 2194 687 2255 accommodatur.
732 2194 861 2270 Semper
880 2195 921 2254 ad
941 2195 1022 2254 idem
1045 2201 1202 2268 spectare,

154 2277 215 2337 hoe
230 2279 339 2338 modo:
354 2276 575 2339 Paterfamilias
592 2295 686 2354 quum
700 2280 866 2340 liberorum
880 2278 1008 2340 haberet
1020 2277 1107 2352 nihil,
1124 2294 1201 2338 uxo·

154 2376 220 2420 rem
235 2369 336 2422 autem
350 2361 492 2437 haberet,
513 2362 544 2421 in
556 2370 739 2424 testamento
753 2365 795 2422 ita
809 2362 951 2438 scripsit:
974 2377 1002 2421 ει
1016 2374 1087 2420 urna
1102 2377 1201 2421 rrnros

155 2460 283 2504 eenrroa
297 2460 545 2517 causarumve,
560 2462 590 2506 1s
604 2460 674 2505 ntur
687 2460 783 2506 nenas
798 2461 884 2507 asro.
916 2445 1035 2506 Deinde
1049 2460 1132 2520 quae
1149 2446 1200 2505 ad·

155 2529 265 2586 solent.
304 2527 431 2586 Postea:
460 2541 490 2588 sr
508 2541 605 2588 surus
626 2544 706 2588 nnnc
725 2544 877 2606 nomnen,
903 2544 988 2598 ouen
1009 2543 1040 2588 m
1061 2542 1201 2587 rursnnu

153 2616 240 2660 sven
260 2617 404 2673 vnnnnn,
426 2618 487 2662 ron
506 2618 576 2662 anm
596 2621 663 2667 atus
679 2622 775 2670 nenas
790 2626 874 2672 ssno.
914 2611 1013 2673 Pilius
1025 2617 1118 2670 natus
1136 2627 1199 2671 non

154 2692 212 2746 est.
247 2683 419 2764 Ambiguae
432 2687 535 2763 agnati
552 2704 623 2750 eum
640 2706 696 2765 eo,
711 2693 764 2769 qui
780 2703 829 2756 est
841 2695 951 2766 heres,
973 2695 1001 2757 si
1018 2693 1099 2755 tilius
1115 2702 1199 2769 ante,

155 2774 294 2850 quentin
309 2788 398 2833 suom
410 2773 535 2835 tutelam
550 2775 670 2849 veniat,
689 2783 829 2838 mortuus
843 2775 893 2834 sit.
927 2771 999 2835 tte.
1020 2775 1054 2833 ln
1068 2772 1130 2833 hoe
1146 2789 1197 2848 ge-

154 2874 229 2919 nere
243 2875 306 2919 non
320 2864 424 2934 potest
437 2857 498 2918 hoe
512 2857 590 2932 diei,
612 2859 653 2919 ad
667 2866 788 2934 tempus
804 2858 889 2918 etad
904 2865 1047 2918 eventurn
1060 2856 1200 2932 aliquem

154 2944 335 3006 sententiam
349 2941 508 3016 scriptoris
523 2948 668 3016 oportere
681 2942 916 3018 accommodari,
931 2949 1098 3018 propterea
1113 2941 1200 3015 quod

154 3043 193 3088 ea
207 3031 277 3089 solo
291 3039 363 3088 esse
378 3025 619 3102 demonstratam,
647 3042 711 3102 qua
724 3029 820 3089 iratus
834 3027 901 3099 ille,
929 3027 983 3103 qui
997 3031 1106 3086 contra
1120 3025 1197 3084 scri·

153 3122 241 3184 ptum
255 3113 337 3187 dicit,
371 3127 459 3172 suam
479 3127 552 3172 esse
572 3110 775 3174 hereditatem
794 3110 943 3174 defendit.
981 3109 1082 3172 Aliud*
1097 3115 1198 3169 eutem

153 3208 254 3266 genus
269 3203 317 3257 est
330 3211 451 3270 eorum,
473 3195 527 3270 qui
541 3196 724 3257 sententiam
737 3193 901 3270 inducunt,
922 3194 954 3255 in
968 3206 1031 3268 quo
1047 3206 1109 3254 non
1123 3192 1197 3251 sim-

153 3278 229 3345 plex
242 3280 384 3338 voluntas
399 3279 559 3352 scriptoris
573 3280 760 3354 ostenditur,
780 3292 862 3353 quae
876 3279 908 3338 in
924 3290 1014 3339 omno
1029 3282 1152 3350 tempus
1167 3285 1198 3336 et

153 3354 184 3410 in
201 3367 291 3411 omne
306 3357 418 3418 taettun
432 3360 514 3420 idem
528 3362 643 3432 valeat3
660 3362 717 3422 sed
728 3376 768 3422 ex
779 3361 914 3436 quodam
925 3361 1007 3420 tacto
1020 3365 1073 3419 aut
1084 3367 1197 3421 eventu

153 3432 195 3488 ad
209 3437 341 3509 tempus
365 3439 595 3514 interpretanda
620 3444 740 3505 dieitur.
780 3443 826 3503 Ea
850 3444 991 3519 partibus
1016 3441 1198 3504 iuridicialis
