2575 3892
97 174 140 229 37
339 160 454 220 LIBER
476 161 499 218 Is
522 160 606 218 CAP.
630 166 750 222 ao-ll.
773 165 798 227 3·
821 166 942 221 lass-lr.
1101 156 1160 219 139
1260 172 1261 211 ς

101 327 272 389 tationem
285 327 398 386 iacere.
419 321 568 396 Quoniam
583 323 713 398 peperit,
729 339 798 382 cum
813 323 879 382 viro
896 324 1075 384 concubuit:
1092 340 1162 412 narn
1256 306 1261 381 ᾗ

101 413 178 473 hoc
208 409 323 470 nullius
343 423 448 481 neque
469 407 703 482 approbationis
724 421 826 480 neque
847 408 1069 480 complexionis
1087 407 1163 467 indi-

106 511 209 570 gere.
242 493 306 552 Sed
321 491 410 551 nobis
426 490 625 566 ambiguitate
639 489 773 550 nominis
788 489 929 550 videntur
946 506 1058 551 errare.
1086 492 1163 550 llam
1260 518 1261 521 ¹

107 585 152 649 et„
163 575 396 652 argumentatio
408 574 532 635 nomine
544 590 606 635 uno
622 589 674 634 res
689 574 767 633 duas
781 571 942 647 significat,
954 573 1024 633 ideo
1039 572 1122 647 quod
1133 582 1164 635 et
1260 570 1261 657 ἐ

106 662 284 721 inventum
299 657 434 733 aliquam
455 659 485 717 in
506 660 572 717 rem
594 656 756 733 probabile
776 664 829 716 aut
848 656 1060 717 necessarium
1076 672 1163 732 argu-
1260 690 1261 735 3

83 764 85 767 ·
108 742 271 802 mentatio
281 748 449 802 vocaturet
457 739 821 802 eiusinventiartiticiosa
832 738 991 814 expolitio.
1008 738 1165 812 75.Quum
1260 778 1261 813 3

109 825 216 900 igitur
226 824 509 900 proferentaliquid
516 824 705 885 huiusmodi:
719 823 866 897 Quoniam
878 822 1008 898 peperit,
1016 838 1086 882 cum
1096 822 1163 883 viro

112 909 302 977 concubuit,
315 907 475 969 inventum
485 910 654 983 proferent,
666 924 727 968 non
740 906 976 982 expolitionem3
993 922 1051 969 nos
1062 912 1165 965 autem
1260 890 1261 965 ξ

114 992 159 1050 de
177 989 379 1068 expolitionis
394 991 534 1065 partibus
549 992 714 1066 loquimur.
743 991 819 1050 XLI.
833 989 912 1050 Nihil
927 989 1019 1064 igitur
1035 989 1075 1048 ad
1086 989 1166 1048 hane
1260 1048 1261 1059 2

114 1090 188 1134 rem
205 1075 283 1134 ratio
299 1074 352 1132 illa
365 1073 547 1148 pertinebit;
563 1081 657 1148 atque
671 1074 729 1134 hac
744 1072 940 1133 distinctione
955 1073 1015 1133 alia
1030 1087 1165 1147 quoque,
1260 1096 1261 1111 ¹

117 1172 207 1232 quae
223 1156 411 1218 videbuntur
425 1158 553 1217 officere
566 1157 638 1216 huic
659 1155 830 1231 partitioni,
849 1156 1117 1231 propulsabimus,
1139 1155 1167 1216 si
1260 1174 1261 1181 ¹

117 1241 174 1315 qui
192 1248 248 1301 aut
262 1239 511 1315 adsumptionem
525 1240 695 1315 aliquando
709 1238 775 1299 tolli
792 1256 890 1314 posse
903 1244 1014 1314 putent
1028 1246 1082 1299 aut
1095 1251 1165 1314 pro·

116 1322 320 1399 positionem.
355 1326 440 1397 Quae
456 1323 483 1383 si
499 1323 571 1398 quid
586 1324 679 1384 habet
695 1324 856 1398 probabile
874 1331 927 1384 aut
943 1322 1164 1393 necessarium,

120 1423 253 1481 quoquo
274 1408 368 1470 modo
385 1415 581 1475 commoveat
595 1407 766 1467 auditorem
787 1422 919 1468 necesse
937 1414 996 1467 est.
1034 1407 1123 1480 Quod
1138 1405 1165 1465 si

120 1492 225 1548 solum
241 1496 436 1562 spectaretur
447 1505 483 1547 ac
493 1489 577 1559 nihil,
589 1502 651 1562 quo
664 1495 757 1564 pacto
771 1495 956 1560 tractaretur
967 1489 1008 1561 id,
1022 1491 1106 1563 quod
1118 1505 1165 1548 es·

122 1577 174 1632 set
189 1571 412 1646 excogitatum,
427 1573 572 1640 referret,
587 1587 784 1645 nequaquam
798 1578 916 1633 tantum
932 1572 1012 1633 inter
1026 1587 1165 1632 summos

124 1661 270 1715 oratores
290 1662 322 1714 et
335 1653 509 1714 mediocres
523 1653 676 1714 interesse
691 1653 927 1715 existbnaretur.
957 1656 1018 1715 76.
1035 1652 1165 1715 variare

124 1745 230 1798 autern
247 1737 419 1797 orationem
439 1740 551 1811 magno
562 1752 664 1810 opere
685 1737 856 1810 oportebit;
883 1754 953 1797 nam
969 1738 1112 1798 omnibus
1134 1737 1163 1797 in
1260 1798 1261 1801 ,

125 1823 220 1881 rebus
236 1819 403 1880 similitudo
414 1827 470 1881 cst
482 1819 631 1880 satietatis
646 1825 755 1880 mater.
791 1818 908 1880 Idfieri
922 1821 1046 1895 poterit,
1061 1820 1088 1880 st
1102 1836 1163 1880 non
1260 1824 1261 1885 J

126 1905 265 1965 similiter
278 1920 404 1979 semper
417 1903 625 1979 ingrediamur
639 1901 670 1965 in
685 1902 991 1978 argumentationem.
1013 1905 1088 1963 Nam
1099 1905 1163 1978 pri«
1260 1938 1261 1941 =

127 1991 207 2048 mum
223 1987 358 2048 omniurn
374 1989 538 2062 generibus
554 1987 632 2062 ipsis
649 1986 841 2062 distinguere
854 1988 1015 2058 convenit,
1031 1987 1091 2048 hoc
1103 1994 1162 2057 est,
1259 2022 1261 2043 t

127 2079 190 2131 tum
205 2071 383 2133 inductione
399 2073 453 2141 uti,
470 2078 536 2131 tum
549 2069 798 2142 ratiocinatione,
815 2072 927 2131 deinde
942 2071 973 2132 in
987 2071 1057 2147 ipsa
1073 2087 1163 2146 argu·
1260 2120 1261 2127 ,

129 2154 314 2216 mentatione
333 2171 396 2214 non
413 2169 570 2228 sempera
585 2153 799 2228 propositione
812 2153 951 2229 incipere
966 2172 1025 2214 noc
1039 2168 1164 2229 semper
1260 2182 1261 2205 ι

131 2238 264 2314 quinque
283 2237 421 2312 partibus
441 2237 649 2311 abutineque
671 2236 781 2306 eadem
803 2243 907 2311 partes
928 2238 1048 2301 ratione
1068 2254 1163 2312 expo-

130 2322 198 2391 lire;
214 2322 270 2380 sed
285 2328 349 2379 tum
364 2322 403 2380 ab
414 2319 632 2395 adsumptione
643 2318 781 2395 incipere
792 2320 872 2392 licet,
883 2327 947 2382 tum
960 2322 998 2380 ab
1011 2321 1164 2395 approba-

130 2404 210 2465 tione
224 2405 381 2474 alterutra,
396 2411 460 2463 tum
476 2410 621 2478 utraque,
636 2410 702 2462 tam
717 2404 786 2475 hoc,
801 2412 867 2463 tum
880 2403 933 2464 illo
949 2419 1064 2478 genere
1080 2419 1163 2464 com·

131 2486 279 2564 plexionis
293 2486 347 2548 uti.
383 2487 418 2546 ld
431 2494 466 2547 ut
479 2486 702 2563 perspiciatur,
717 2494 770 2548 aut
785 2486 956 2551 scribamus
972 2487 1069 2548 autin
1088 2503 1162 2562 quo·
1260 2546 1261 2551 ,

132 2572 200 2630 libet
214 2573 356 2645 exemplo
372 2571 413 2630 de
432 2571 484 2640 iis,
506 2587 588 2645 quae
608 2573 772 2646 proposita
791 2578 877 2641 sunt,
894 2572 954 2635 hoc
974 2570 1055 2631 idern
1077 2588 1163 2632 exer-

134 2668 260 2723 ceamus,
275 2662 310 2712 ut
324 2668 416 2726 quam
432 2652 520 2714 lacile
534 2656 618 2715 tactu
632 2654 672 2714 sit
686 2642 852 2730 periclitari
866 2655 966 2714 liccat.

108 2748 110 2750 ·
211 2735 262 2792 77.
280 2736 327 2794 Ac
341 2736 381 2795 de
395 2736 533 2809 partibus
549 2737 672 2810 quidem
693 2737 967 2812 argumentationis
980 2734 1056 2796 satis
1072 2735 1162 2796 nobis

135 2814 240 2874 dictum
266 2815 397 2876 videtur.
440 2820 519 2878 lllud
542 2827 643 2879 autem
669 2823 813 2880 volumus
840 2819 966 2894 intelligi
984 2835 1044 2878 nos
1064 2819 1163 2892 probe

35 2908 38 2914 ·
135 2906 232 2958 tenere
252 2897 321 2957 aliis
342 2914 469 2974 qrroque
493 2901 662 2963 rationibus
682 2903 808 2964 tractari
828 2903 1110 2979 argumentationes
1132 2901 1163 2962 in

97 3053 99 3059 Ι
136 2980 325 3059 philosophia
338 2983 441 3043 multis
456 2990 488 3043 et
503 2985 659 3058 obscuris,
682 2987 723 3048 de
739 2986 851 3062 quibus
866 2994 985 3049 certum
1007 2993 1055 3046 est
1070 2984 1162 3047 artifi-

136 3067 207 3126 cium
220 3064 430 3127 constitutum.
454 3069 570 3128 Verum
584 3068 635 3129 illa
650 3071 739 3131 nobis
751 3072 919 3132 abhorrere
932 3071 971 3131 ab
987 3086 1047 3131 usu
1061 3077 1163 3132 orato-

137 3149 176 3210 rio
189 3148 256 3210 visa
269 3157 351 3210 sunt.
390 3153 473 3225 Quae
488 3153 642 3227 pertinere
657 3162 760 3215 autem
774 3157 813 3214 ad
828 3155 992 3217 dicendum
1006 3162 1161 3230 putamus,

28 3296 29 3301 ,
138 3249 171 3293 ea
182 3251 236 3294 nos
252 3235 456 3307 commodius,
473 3252 565 3310 quam
580 3245 738 3307 caeteros,
756 3238 1004 3300 attendissenon
1021 3240 1162 3299 adfirma·
1260 3286 1261 3299 ,

28 3328 29 3387 i
139 3333 211 3387 mus;
240 3317 441 3393 perquisitius
463 3327 494 3379 ct
519 3318 696 3394 diligentius
722 3321 949 3397 conscripsisse
971 3321 1161 3395 pollicemur.

28 3426 29 3487 j
140 3400 220 3469 Nunc,
235 3408 269 3461 ut
282 3400 478 3475 instituimus
493 3403 652 3477 proficisci
671 3405 780 3465 ordine
797 3406 837 3464 ad
852 3405 971 3478 reliqua
985 3413 1161 3475 pergemus.
1260 3414 1261 3417 ¹
