2575 3892
387 202 551 262 LIBERII.
575 199 656 259 CAP
668 204 771 258 9-12
790 203 910 264 §.13—
914 202 958 257 17
1148 193 1189 255 21

158 347 241 429 leges
259 355 338 415 inter
356 370 392 413 se
409 351 602 424 discrepant,
576 347 793 408 tvidendum
810 357 858 407 est
874 347 1014 424 primum,
1026 367 1098 409 num
1111 367 1192 425 quae

157 436 317 513 obrogstio
337 444 390 495 aut
404 430 565 507 derogatio
588 430 642 499 sit,
616 428 777 489 tdeinde
794 436 895 489 ulrum
912 431 998 505 leges
1016 429 1058 489 ite
1069 428 1190 489 dissen

155 523 246 594 tiant,
266 527 301 579 ut
289 520 415 579 tallere
435 515 547 587 iubeat,
572 513 613 572 alt
601 520 668 571 tera
687 520 783 581 vetet;
807 528 845 570 an
862 511 918 584 ita,
934 521 969 572 ut
984 514 1191 588 alteracqgat,

157 606 199 663 alt
188 613 253 663 tera
264 587 427 678 permittat.
455 558 577 657 Infinita
588 594 668 654 eninr
680 594 738 654 erit
750 594 817 655 eius
829 594 985 668 defensio,
1003 612 1056 669 qur
1047 594 1192 671 'negabit

158 702 194 746 se
206 684 331 762 iecisse,
344 683 428 758 quod
439 687 609 755 cogeretur,
622 693 717 753 quum
731 678 827 737 altera
838 678 890 735 lex
901 676 999 751 peruri
999 685 1102 749 tteret;
1119 680 1190 753 plus

160 767 241 826 onim
252 768 335 826 valet
348 764 465 826 sanctio
476 760 690 838 permissione
718 762 795 821 ltem
806 760 858 819 illa
869 760 1009 820 defensio
1023 759 1122 820 tenuis
1135 769 1192 831 est

160 866 253 926 quum
266 849 399 911 ostendit
388 856 436 909 tur
446 846 479 907 id
490 846 603 907 facturn
614 859 686 905 esse
688 845 794 920 ,quod
804 860 842 904 ea
853 844 905 903 lex
916 842 1050 916 sanciat,
1069 842 1119 904 eui
1132 841 1193 918 legi

159 935 339 1009 obrogatutn
349 935 401 991 vel
412 931 593 1005 derogatum
605 928 658 999 sit,
676 927 717 1002 id,
731 927 815 1002 quod
825 926 999 1001 posteriore
1011 928 1079 1002 lege
1102 940 1190 985 senc-

157 1026 221 1077 tum
234 1015 281 1090 sit,
293 1030 364 1077 esse
376 1016 557 1090 neglectum
571 1011 679 1085 Quum
689 1010 766 1071 haec
778 1018 866 1072 erun
876 1010 1080 1084 considerate,
1092 1008 1192 1069 statim

95 1136 99 1142 ·
160 1107 284 1161 nostrae
295 1097 373 1172 legis
385 1094 595 1173 expositione
613 1093 807 1168 recitatione,
827 1092 1052 1155 collaudatione
1063 1099 1192 1153 utemur

157 1181 278 1243 Deinde
297 1179 467 1243 ceruariae
487 1176 566 1255 legis
585 1175 787 1239 enodabimus
807 1178 992 1237 voluntatem
1011 1184 1042 1236 et
1053 1191 1121 1236 earn
1133 1183 1192 1235 tra·

157 1267 269 1336 iremus
288 1263 328 1323 ad
345 1272 470 1326 nostrae
490 1277 604 1323 causac
622 1262 826 1323 commodum.
848 1258 967 1320 Deinde
980 1258 1019 1319 de
1030 1256 1193 1320 iuridiciali

158 1350 302 1418 absoluta
320 1364 476 1408 sumemus
493 1346 643 1406 rationem
661 1344 736 1405 iuris
753 1352 783 1404 et
795 1359 979 1418 quaeremus
991 1350 1095 1418 partes
1106 1340 1192 1411 iuris,

160 1437 230 1481 cum
244 1430 314 1482 utre
328 1424 459 1499 laciant3
481 1428 522 1487 de
538 1443 599 1503 qua
615 1424 771 1503 posterius
788 1424 988 1484 disseremus.
1024 1424 1076 1485 XI.
1094 1426 1145 1485 16.
1166 1425 1197 1484 Si

153 1506 337 1596 ambiguum
352 1527 424 1571 esse
440 1510 589 1604 scriptum
601 1508 767 1594 putabitur,
784 1506 891 1580 quod
883 1523 915 1572 ιιι
930 1507 1009 1566 duas
1025 1514 1079 1567 aut
1091 1508 1198 1602 plures

161 1587 330 1649 sententias
346 1585 425 1650 tr'ahi
443 1582 560 1665 possit,
577 1587 637 1649 hoc
656 1591 748 1651 modo
765 1590 1015 1651 tractandum
967 1598 1029 1650 es
1052 1588 1190 1665 primum,

161 1668 241 1730 sitne
251 1671 436 1746 ambiguum
449 1672 659 1745 quaerendum
670 1669 866 1744 est·deinde,
878 1673 1034 1746 quomodo
1046 1672 1191 1746 scriptun

161 1760 262 1824 esset,
275 1769 302 1810 sr
293 1751 355 1825 id,
370 1754 454 1826 quod
466 1752 655 1811 adversarii
648 1761 847 1826 interpretant
847 1769 899 1825 ur,
918 1751 1014 1826 script
1015 1770 1050 1812 or
1002 1752 1127 1813 tfieri
1138 1768 1179 1810 vo

97 1891 102 1900 ,
161 1829 280 1906 luisset,
293 1833 519 1894 ostendendum
532 1833 599 1906 est,
608 1833 720 1894 deinde
733 1831 774 1910 id,
788 1835 871 1909 quod
882 1851 941 1896 nos
952 1835 1192 1910 interpretemur,

160 1926 190 1976 et
202 1916 269 1977 fieri
279 1933 377 1992 posse
389 1914 419 1978 e't
430 1917 577 1989 honeste,
594 1926 693 1989 recte,
712 1916 796 1991 lege,
813 1934 915 1990 more,
936 1926 1059 1990 natura,
1072 1919 1153 1978 bono
1164 1926 1193 1978 ct

159 2016 260 2076 aequo
278 1999 345 2080 fieri
362 2016 476 2075 posse;
497 1997 583 2076 quod
592 1997 1056 2075 adversariiinterpretenturdx
1073 2010 1193 2061 contra-

157 2082 301 2158 rio;jneo
322 2087 394 2145 esse
413 2083 555 2159 ambigue
574 2082 736 2160 scriptum,
756 2100 850 2159 quum
891 2084 1091 2162 intelligatur,
1125 2091 1194 2146 utra

160 2164 311 2225 sententia
331 2183 407 2227 vera
429 2166 477 2240 sit.
512 2166 603 2242 Sunt,
628 2165 681 2241 qui
702 2165 886 2228 arbitrentur
907 2168 948 2227 ad
969 2168 1049 2229 hane
1067 2183 1193 2228 causam

159 2248 552 2312 tractandamvehementer
561 2249 716 2325 pertinere
724 2247 1192 2325 cognitionem'amplriboliarum

159 2347 242 2404 eam,
264 2327 569 2406 quaeabdialeeticis
578 2335 765 2410 proseratur.
775 2332 839 2392 Nos
850 2348 925 2392 vero
938 2333 1119 2393 arbitramur
1131 2349 1193 2393 non

157 2415 251 2476 modo
264 2414 347 2476 nullo
356 2413 498 2476 adiumen
500 2415 536 2477 to'
500 2423 625 2490 t,esse
639 2415 697 2476 sed
705 2414 951 2491 potiusmaximo
964 2413 1193 2490 impedimento

158 2496 272 2559 Omnes
286 2498 367 2559 enirn
378 2497 421 2559 illi
434 2496 637 2595 amphiboliae
649 2507 855 2597 aucupantur,
875 2515 929 2559 eas
941 2498 1040 2595 etiam,
1062 2515 1142 2576 quae
1153 2515 1194 2559 ex

157 2582 253 2641 altera
267 2597 323 2657 par
324 2590 355 2642 te
367 2582 550 2644 sententiam
561 2583 675 2643 nullam
687 2581 821 2659 possunt
831 2580 1033 2659 interpretari
1045 2583 1152 2666 Itaque
1164 2591 1195 2643 et

156 2653 250 2724 alieni
261 2663 413 2726 sermonis
424 2666 536 2726 molest
524 2665 800 2740 tiinterpellatores
814 2675 844 2727 et
856 2663 962 2742 scripti
980 2683 1074 2741 quum
1092 2659 1195 2726 odiosi

156 2755 221 2805 turn
240 2746 364 2807 obscuri
381 2746 529 2822 interpret
530 2763 564 2808 es
576 2757 663 2821 sunt,
682 2758 712 2810 et
722 2749 796 2812 dum
808 2766 866 2809 cau
866 2756 897 2809 te
909 2757 940 2809 et
951 2748 1096 2824 expedite
1109 2741 1194 2823 loqui

155 2827 293 2899 volunt,
285 2833 317 2885 ιιι
320 2829 383 2888 itan
371 2828 483 2888 tissimi
492 2830 695 2905 reperiuntur.
717 2831 763 2891 Ita
774 2829 848 2892 dum
859 2839 921 2891 uret
909 2838 997 2891 luunt
1008 2829 1039 2888 in
1051 2830 1194 2903 diceudo,

156 2925 198 2969 ne
211 2907 286 2984 quid
297 2908 474 2984 ambiguum
486 2909 596 2983 dicant,
608 2927 720 2972 nomen
732 2929 823 2972 suum
829 2909 1029 2987 pronuntiare
1046 2928 1115 2972 non
1115 2929 1194 3009 pos-

157 3000 238 3054 sunt.
251 2992 367 3052 Verum
379 2991 489 3052 horum
499 2957 635 3067 pueriies
648 2991 811 3070 opiniones
821 2989 1003 3055 rectissimis
1013 3004 1060 3057 rat
1048 2991 1194 3070 tionibus,

157 3091 252 3154 quum
268 3076 375 3151 uoles,
396 3074 584 3138 refellemus.
616 3076 651 3136 ln
669 3076 911 3152 praesentiarum
928 3076 1047 3141 hoe't
1001 3095 1033 3138 ιιι
1034 3082 1194 3144 tercedere

155 3173 219 3219 non
238 3156 371 3220 alienum
393 3158 465 3240 fuit,
488 3168 521 3221 ut
542 3158 634 3224 huius
658 3160 763 3223 inient
743 3170 803 3223 trae
827 3163 979 3239 garrulam
1000 3164 1194 3241 disciplinam

157 3250 433 3305 contemneremus.
461 3241 526 3306 xn.
550 3242 600 3307 17.
605 3243 722 3322 Quum
734 3246 912 3309 definitione
923 3256 1043 3310 utemur
1044 3250 1194 3339 ,primurn

88 3369 91 3376 .
155 3326 332 3387 adferemus
349 3326 476 3388 brevem
493 3317 637 3390 vocabuli
657 3329 881 3407 definitionem,
902 3324 1083 3394 hocmodo·
1100 3327 1193 3388 Maie-

156 3417 268 3469 statem
278 3427 306 3470 rs
317 3409 433 3487 minuit,
450 3425 504 3487 qm
515 3421 574 3473 ea
562 3413 649 3491 tollit,
629 3421 706 3475 tex
719 3410 830 3492 quibus
840 3416 935 3476 rebus
946 3411 1078 3473 civitatis
1088 3401 1193 3474 ιιιιιιιῑι
