2575 3892
143 194 178 248 et
363 183 477 241 tlBER
497 180 624 239 LCAR
649 189 769 241 aza-54.
793 189 820 248 §-
843 187 981 243 99-103.
1129 175 1190 239 149
1272 190 1273 193 ¹

148 350 219 410 101.
241 349 361 409 Primus
377 350 467 406 locus
482 346 611 405 sumitur
625 347 664 405 ab
679 344 876 414 auctoritate,
894 361 988 417 quum
1005 356 1190 412 commemo-
1272 376 1273 379 =

145 438 265 504 ramus,
289 436 425 506 quantae
443 443 536 489 curae
550 443 601 486 res
617 444 655 487 ea
675 427 768 488 luerit
783 427 844 497 eiS,
865 442 996 500 quorum
1018 424 1188 501 auctoritas

111 516 113 521 ’
144 515 332 591 gravissima
348 513 461 571 debeat
476 525 563 570 esse:
589 511 637 570 dis
652 509 892 580 immortalium,
916 509 969 582 qui
985 510 1074 569 locus
1090 524 1190 570 sumo
1224 506 1229 515 '
1272 540 1273 545 κ

144 608 196 660 tur
211 615 251 658 ex
266 595 418 666 sortibus,
435 611 474 654 ex
490 593 642 664 oraculis,
657 593 790 667 vatibus,
807 592 955 663 ostentis,
970 592 1129 667 prodigiis,
1143 607 1190 651 re·
1272 644 1273 647 ,

146 681 290 757 sponsis,
312 678 463 740 similibus
486 677 597 749 rebus,
617 678 691 738 item
710 675 878 738 maioribus
899 675 1031 746 nostriS,
1053 674 1190 748 regibus
1272 670 1273 757 Ϊ

146 765 337 835 civitatibus,
353 763 514 838 gentibus,
529 761 714 904 hommrbu}
722 758 974 836 sapientissimis
991 766 1079 817 senat
1080 757 1123 836 ui,
1135 774 1190 831 po
1272 778 1273 825 ς

137 851 230 925 pulo,
245 851 349 922 legum
359 845 564 923 scriptoribus
600 845 682 906 Secu
1272 922 1273 925 Ἴ

145 948 197 992 res
213 932 253 993 ad
269 947 349 1013 quos
363 929 528 1005 pertineat,
538 944 609 990 cum
622 927 796 1024 amplificat
789 943 861 988 rone
874 941 932 1002 per
948 923 1192 998 indignationem
1272 948 1273 955 ι

147 1015 330 1087 ostenditur,
344 1022 398 1075 aut
412 1015 453 1074 ad
465 1029 574 1074 omnes
589 1014 698 1076 autad
708 1011 857 1072 maiorem
871 1016 999 1086 partem,
1014 1007 1100 1081 quod
1110 1013 1191 1065 atro·
1272 1016 1273 1019 ’

705 847 764 906 dus
778 847 868 904 locus
884 849 941 913 est,
956 857 1014 916 per
1026 850 1128 914 quern,
1139 840 1192 899 illa
1272 838 1273 895 3

147 1098 305 1158 tissimum
320 1106 383 1170 est,
399 1098 507 1157 autad
522 1097 716 1193 superiores,
734 1096 842 1170 quales
858 1100 931 1154 sunt
943 1091 979 1164 ii,
1003 1106 1136 1177 quorum
1152 1104 1192 1148 ex
1272 1144 1273 1159 ,

146 1198 205 1241 aue
206 1180 331 1241 toritatc
343 1180 515 1277 indignatio
530 1180 623 1241 sumit
624 1198 675 1251 ur,
669 1179 781 1255 quod
795 1174 1042 1273 indignissimum
1057 1181 1122 1245 est,
1138 1179 1193 1232 aut
1272 1210 1273 1249 3

145 1265 185 1323 ad
198 1280 293 1339 pares
316 1263 435 1334 animo,
455 1264 596 1334 fortuna,
618 1279 768 1337 corpore,
786 1261 898 1335 quod
890 1258 1117 1333 iniquissimum
1133 1262 1190 1326 est,
1272 1262 1273 1287 l

145 1354 198 1407 aut
210 1345 437 1434 adinleriores,
450 1347 537 1421 quod
548 1345 805 1435 superbissimum
821 1351 878 1404 est
893 1342 1015 1413 Tertius
1030 1343 1119 1401 locus
1132 1345 1190 1408 est,
1272 1388 1273 1395 ,

145 1437 200 1494 per
215 1438 308 1497 quem
323 1422 509 1496 quaerimus,
526 1421 673 1495 quidnam
685 1420 726 1482 sit
736 1430 926 1495 eventurum,
942 1440 969 1482 st
960 1422 1062 1483 idem
1073 1439 1130 1483 cac
1130 1421 1188 1483 leri

145 1502 273 1572 laciant3
298 1511 329 1562 et
343 1503 434 1568 simul
448 1501 649 1573 ostendimus,
671 1503 784 1563 huic
760 1521 787 1564 sr
802 1519 988 1563 concessum
1003 1505 1051 1574 sit,
1073 1506 1187 1564 multos
1272 1548 1273 1579 3

144 1584 284 1643 aemulos
305 1583 445 1643 eiusdem
465 1583 614 1644 audaciae
635 1585 771 1653 luturos;
798 1601 838 1644 ex
861 1602 939 1659 quo,
968 1585 1042 1658 quid
1062 1585 1134 1647 mali
1148 1585 1189 1646 sit
1272 1626 1273 1633 ι

145 1673 343 1740 eventurum,
368 1665 657 1727 demonstrabimus.
693 1666 764 1727 102.
781 1667 911 1740 Quartus
932 1670 1020 1728 locus
1042 1677 1105 1739 est,
1131 1684 1187 1742 per

146 1766 239 1824 quern
260 1747 506 1819 demonstramus
527 1750 639 1810 multos
660 1750 780 1810 alacres
802 1758 1000 1824 exspectare,
1029 1749 1105 1823 quid
1126 1759 1187 1812 sta·
1272 1812 1273 1815 ,

73 1852 75 1854 ·
143 1840 255 1905 luatur,
270 1841 304 1894 ut
318 1849 358 1894 ex
372 1848 420 1907 eo,
438 1833 523 1908 quod
537 1832 591 1892 uni
605 1848 791 1894 concessum
805 1833 854 1906 sit,
869 1831 928 1893 sibi
943 1849 1069 1908 quoque
1084 1832 1188 1893 talida
1272 1842 1273 1897 ξ

143 1921 178 1976 re
198 1914 274 1991 quid
293 1915 398 1989 liceat,
424 1915 594 1995 intelligere
614 1915 745 1991 possint.
783 1915 911 1990 Quintus
932 1917 1022 1976 locus
1042 1924 1105 1988 est,
1130 1933 1187 1991 per
1272 1930 1273 1935 ¹

145 2016 236 2073 quem
253 2000 447 2060 ostendimus
470 2007 610 2060 caeteras
629 2016 682 2060 res
696 2006 860 2075 perperam
875 1999 1073 2073 constitutas,
1098 1998 1186 2061 intel·
1272 2026 1273 2043 2

144 2083 224 2159 lecta
243 2082 389 2156 narnate,
416 2091 618 2144 commutatas
640 2082 754 2158 corrigi
773 2100 887 2158 posse3
912 2083 993 2144 hanc
1014 2099 1089 2144 esse
1111 2100 1187 2156 rem,

146 2180 226 2237 quae
240 2164 268 2247 si
283 2166 323 2225 sit
337 2168 434 2227 semel
448 2165 592 2239 iudicata,
613 2183 718 2240 neque
732 2165 988 2235 aliocommutari
1001 2165 1118 2228 iudicio
1132 2183 1185 2227 ne·
1272 2166 1273 2245 j

145 2264 205 2322 que
219 2248 283 2308 ulla
295 2256 450 2323 potestate
465 2249 578 2325 corrigi
592 2249 702 2325 possit
725 2248 842 2310 Sextus
853 2251 942 2311 locus
954 2259 1011 2322 cst,
1026 2266 1186 2324 perquem

143 2332 286 2394 consulto
309 2340 339 2392 et
354 2333 393 2392 dc
408 2331 560 2392 industria
573 2333 689 2392 lactum
703 2332 930 2395 demonstratur
944 2341 975 2394 et
988 2333 1063 2392 illud
1078 2333 1185 2393 adium
1272 2316 1273 2379 ]

143 2414 231 2488 gitur,
247 2416 422 2476 voluntario
436 2415 589 2477 maleficio
604 2414 729 2477 veniam
743 2416 809 2476 dari
823 2433 885 2476 non
900 2425 1056 2491 oportere,
1071 2414 1186 2493 impru-

142 2497 265 2558 dentiae
286 2499 416 2560 conccdi
442 2515 676 2575 nonnumquam
701 2499 877 2560 convenire.
914 2499 1071 2575 Septimus
1095 2502 1185 2561 locus

130 2586 198 2660 est,
219 2597 276 2655 por
292 2599 384 2678 quern
397 2580 602 2657 indignamur,
618 2583 705 2658 quod
718 2591 860 2657 laeuum,
873 2584 1009 2657 crudele,
1024 2583 1185 2656 nefarium,

138 2664 335 2737 tyrannicum
349 2667 464 2726 lactum
477 2683 550 2726 esse
565 2666 714 2741 dicamus
735 2683 792 2742 per
805 2667 877 2740 vim,
899 2684 1030 2738 manum,
1056 2670 1184 2741 opulen-
1272 2700 1273 2705 κ

141 2744 231 2819 tiam,
257 2762 338 2821 quae
350 2763 403 2807 res
420 2750 459 2807 ab
474 2749 594 2823 legibus
610 2759 641 2811 et
655 2750 694 2810 ab
709 2748 864 2825 aequabili
878 2749 946 2810 iure
959 2749 1185 2809 remotissimae

143 2827 212 2886 sint.
238 2827 317 2886 LIV.
341 2828 412 2889 103
428 2829 564 2892 Octavus
578 2835 668 2900 locus
684 2841 812 2908 astper
828 2828 920 2908 quem
936 2833 1185 2892 demonstramus

141 2924 204 2969 non
227 2910 353 2984 vulgare
373 2929 476 2987 neque
497 2914 666 2978 lectitatum
687 2932 813 2977 essene
828 2917 866 2975 ab
882 2913 1101 2977 audacissimis
1118 2915 1184 2990 qui
1272 2912 1273 2965 ἶ

142 2995 212 3053 dem
234 2992 411 3056 hominibus
431 2995 465 3056 id
484 2997 683 3074 maleficium,
711 3000 753 3060 de
773 3017 835 3076 quo
848 3007 971 3075 agatur3
998 3007 1092 3073 atque
1112 2996 1146 3061 id
1167 3016 1186 3060 a

141 3077 214 3136 feris
237 3094 363 3153 quoque
376 3077 552 3144 hominibus
567 3090 598 3143 et
611 3100 631 3144 a
643 3083 784 3144 barbaris
799 3091 872 3180 gent
860 3084 941 3144 tibus
956 3091 988 3143 et
976 3080 1184 3145 limmanibus

139 3160 248 3222 bestiis
264 3177 337 3222 esse
351 3172 512 3226 remotum
534 3166 620 3227 Haec
635 3176 732 3240 erunt,
749 3166 828 3242 q‘uae
844 3168 875 3227 in
887 3173 1042 3242 parentes,
1057 3165 1183 3237 liberos,
1272 3226 1273 3229 ,

141 3244 300 3318 coniuges,
318 3247 579 3324 consanguineos,
592 3249 753 3326 supplices
765 3249 929 3311 crudeliter
941 3252 1023 3312 lacta
1034 3248 1175 3311 dicentur
1139 3267 1184 3313 ,ιιι

140 3335 170 3388 et
184 3327 333 3404 deinceps
349 3330 376 3392 si
392 3347 455 3405 qus
469 3334 665 3407 proferantur
679 3333 711 3392 in
725 3333 858 3393 maiores
873 3342 962 3405 natu,
986 3332 1018 3393 in
1032 3333 1184 3403 hospites,

139 3408 170 3467 in
183 3409 320 3485 vicinos,
347 3413 378 3473 in
394 3414 527 3491 amicos,
553 3416 586 3476 in
600 3434 672 3489 eos,
701 3414 884 3490 quibuscum
897 3416 992 3476 vitam
1007 3412 1123 3486 egeris,
1150 3408 1181 3465 in
