2575 3892
123 142 166 203 62
465 137 520 195 ΑΙ)
544 136 575 193 C,
600 131 828 193 HERENNIUM

123 290 323 354 absconditos
349 284 511 362 aperuisse
532 283 615 345 dicat
637 285 765 346 ethaeo
786 281 893 342 sitiens
915 296 1010 356 quum
1030 278 1186 342 maxime

124 379 267 451 loquatur
303 387 405 447 neque
420 370 546 439 habeat,
569 367 622 445 qui
637 366 719 428 sitim
734 366 836 438 sedet,
851 380 913 426 non
927 363 1088 423 rideatur?
1113 363 1181 427 lsti

125 474 219 534 quum
239 473 302 516 non
322 455 415 515 modo
437 451 579 514 dominos
600 468 635 512 se
657 450 801 521 sontium,
829 450 885 529 sed
907 464 942 507 se
957 446 1046 527 ipsos
1055 449 1218 535 KQ&

125 557 196 601 esso
217 540 321 600 dicant
340 546 371 598 et
391 535 526 598 omniun
547 535 648 610 rigare
666 535 799 596 debeant
812 520 1039 608 ingenimlnon
1055 539 1177 606 putant

124 627 191 685 lore
205 622 383 695 ridiculum,
408 619 451 692 si,
476 636 570 695 quum
585 619 616 678 id
632 616 848 692 polliceantur,
859 598 1090 707 N{trespailtjpgi
1106 613 1187 709 §5⁴32-

125 709 226 769 citate·
241 713 355 774 Chares
368 706 406 765 ab
414 702 555 781 Lysippo
571 709 688 762 statuas
703 703 806 760 facere
820 714 883 760 non
897 696 959 758 isto
974 699 1068 759 modo
1087 696 1173 756 drdr·
1266 714 1267 717 ¹

107 792 181 864 “clm
196 782 230 851 dt
242 789 401 867 Lysippus
416 795 510 861 caput
524 785 701 845 ostenderet
714 782 905 861 Myronium,
918 780 1046 840 brachia
1058 780 1173 839 Praxi-

125 876 211 947 telia,
233 881 341 949 pectus
355 869 570 947 Polycletium,
581 871 730 941 [ventrem
746 874 776 926 el
791 863 970 935 cruro***];
989 864 1046 924 sed
1061 863 1176 924 omnia

126 973 230 1018 corum
251 954 429 1029 magistrum
450 951 611 1012 iacientem
626 950 768 1022 videbat,
796 956 986 1009 caeterorum
1001 961 1101 1021 opera
1114 946 1171 1004 vol

127 1059 183 1101 sua
199 1048 310 1114 sponte
326 1044 447 1113 poterat
461 1034 669 1095 considerare.
704 1031 758 1094 Isti
774 1033 903 1093 credunt
917 1045 990 1101 eos,
1019 1029 1071 1104 qui
1086 1028 1171 1088 haec

126 1123 221 1181 velint
233 1121 361 1192 discere,
378 1118 565 1179 aliarationc
577 1116 683 1178 doceri
695 1130 792 1192 posse
805 1112 1007 1176 commodius.
1028 1111 1096 1171 Vll.
1115 1111 1170 1170 10.

125 1204 286 1264 Praeterea
306 1219 344 1261 ne
366 1208 499 1276 possunt
518 1199 642 1275 quidem
665 1214 717 1273 ea,
744 1212 824 1274 quae
846 1204 1005 1258 sumuntur
1025 1196 1064 1255 ab
1085 1192 1169 1266 aliiS,

127 1280 268 1349 exempla
284 1286 344 1334 tam
361 1291 432 1334 esse
450 1278 685 1335 accommodata
699 1277 738 1335 ad
759 1284 871 1348 artem,
887 1285 1056 1353 propterea
1078 1278 1169 1352 quod

125 1360 155 1420 in
176 1359 307 1419 dicendo
324 1359 434 1417 leviter
454 1375 535 1417 unus
556 1359 691 1433 quisque
707 1360 794 1421 locus
815 1364 999 1436 plerumque
1018 1360 1169 1434 tangitur,

126 1458 165 1501 ne
184 1460 236 1502 ars
256 1448 418 1517 appareat,
440 1440 469 1500 in
493 1442 714 1518 praecipiendo
737 1459 888 1519 expresse
911 1445 1086 1518 conscripta
1108 1460 1167 1517 po-

126 1542 201 1585 nere
225 1533 349 1601 oportet
370 1528 528 1600 exempta,
549 1527 594 1586 uti
616 1526 646 1586 in
669 1526 744 1587 artis
760 1530 889 1589 sormam
909 1526 1077 1589 convenire
1090 1542 1166 1601 pos-

127 1610 195 1680 sint,
213 1619 243 1669 et
256 1617 330 1685 post
341 1609 370 1668 in
387 1609 530 1681 dicendo,
542 1626 581 1669 ne
596 1611 699 1685 possit
713 1627 763 1672 ars
777 1613 911 1672 eminere
926 1619 957 1671 et
967 1613 1005 1671 ab
1021 1609 1165 1669 omnibus

26 1702 32 1718 ‘
128 1694 239 1765 videri,
262 1695 408 1754 facultate
429 1693 562 1753 oratoris
583 1696 766 1755 occultatur,
796 1698 885 1775 ,Ergo
911 1695 1002 1754 ctiam
1016 1702 1050 1753 ut
1065 1693 1165 1768 magis
1267 1746 1268 1755 ,

127 1794 177 1837 ars
200 1778 510 1857 cognoscatnrqsuis
532 1779 683 1854 exemplis
704 1779 819 1853 melius}
837 1787 884 1837 est
909 1778 979 1857 uti„
1001 1777 1164 1836 Postremo

126 1862 203 1919 haec
220 1878 346 1936 quoqne
362 1878 413 1921 res
429 1878 487 1921 nos
505 1858 594 1921 duxit
613 1864 654 1920 ad
673 1862 752 1921 liano
772 1856 935 1929 rationem,
959 1861 1058 1933 quod,
1083 1875 1165 1933 quae
1261 1878 1268 1883 ¹·

125 1943 250 2003 nomina
264 1961 368 2004 rerum
384 1945 501 2004 Graeca
519 1942 744 2013 convertimus,
767 1959 804 2001 ea
823 1948 942 2001 remota
963 1948 1035 1998 sunt
1056 1955 1075 1998 a
1090 1957 1165 2002 eon-

114 2025 299 2086 *suetudine
316 2028 401 2101 Quae
412 2027 492 2086 onim
504 2044 555 2088 res
570 2027 655 2101 apud
670 2019 795 2086 nostros
811 2041 873 2083 non
890 2031 986 2096 erant,
998 2038 1104 2083 earum
1115 2042 1165 2086 re-

125 2125 192 2168 rum
204 2110 329 2170 nomina
342 2126 405 2170 non
420 2118 565 2186 poterant
578 2125 652 2170 esse
665 2109 787 2170 usitata.
812 2110 893 2182 Ergo
909 2108 986 2167 haec
1001 2088 1220 2182 asperiora&

124 2192 224 2269 primo
238 2194 402 2254 videantur
414 2211 545 2256 necesse
559 2202 616 2265 est,
627 2193 659 2253 id
673 2192 890 2269 quodlietrei,
903 2199 1094 2263 nonnosus,
1107 2193 1160 2252 dil·

123 2278 266 2338 tioultate.
287 2276 450 2353 Reliquum
466 2280 636 2355 scripturae
651 2288 848 2343 consumetur
860 2279 891 2341 in
902 2277 1070 2355 exemplis=
1086 2278 1160 2336 haee

123 2360 223 2420 aliena
238 2358 264 2421 si
280 2359 512 2435 posuissemus,
540 2364 654 2423 tactum
669 2372 767 2436 esset,
794 2371 842 2434 ut,
870 2362 955 2437 quod
967 2359 1160 2422 commodius

123 2452 208 2503 esset
227 2443 258 2500 in
278 2444 338 2502 hoc
352 2442 447 2514 libro,
472 2443 505 2502 id
518 2453 657 2505 nostrum
672 2461 733 2505 non
748 2451 847 2516 esset3
874 2445 959 2520 quod
974 2443 1115 2521 asperius
1129 2451 1162 2501 et

122 2525 306 2594 inusitatum,
322 2523 355 2582 id
368 2523 495 2598 proprie
506 2525 597 2586 nobis
608 2525 831 2588 attribueretur.
852 2526 934 2602 Ergo
944 2527 1025 2588 hanc
1037 2541 1158 2603 quoque

122 2604 401 2667 incommoditatem
417 2606 559 2680 fugimus.
593 2608 650 2669 His
665 2609 705 2669 de
720 2608 840 2682 causis,
858 2626 952 2684 quum
967 2610 1042 2672 artis
1056 2610 1156 2669 inven-

121 2689 236 2752 tionem
251 2688 437 2751 Graecorum
457 2690 696 2766 probassemus,
722 2694 936 2769 exemplorum
949 2693 1096 2754 rationem
1110 2705 1150 2750 se·

122 2773 183 2836 cuti
198 2790 260 2836 non
275 2790 391 2836 sumus.

199 2859 286 2921 Nunc
298 2866 419 2935 tempus
432 2858 576 2936 postulat,
591 2867 625 2920 ut
636 2859 676 2919 ad
688 2858 871 2922 elocutionis
883 2867 1052 2937 praecepta
1063 2866 1154 2917 uans·

122 2959 238 3004 eamus.
274 2942 423 3019 Bipertita
449 2942 540 3019 igitur
568 2944 625 3005 erit
651 2944 742 3006 nobis
765 2942 947 3023 elpcutionis
963 2921 1190 3027 praeceptio}

120 3023 253 3084 Primum
268 3027 415 3099 dicemus,
433 3027 544 3103 quibus
560 3027 590 3086 in
602 3030 767 3105 generibus
780 3042 904 3102 semper
915 3022 1015 3087 omnis
1027 3022 1157 3086 oratoria
1166 3022 1198 3045 “²

121 3105 255 3166 elocutio
270 3107 381 3169 debeat
395 3127 483 3182 esse3
510 3109 622 3171 deindo
637 3113 852 3183 ostendemus,
876 3125 954 3185 quas
969 3124 1021 3170 res
1036 3122 1154 3181 semper
1189 3176 1201 3189 ,

120 3187 234 3247 habore
246 3187 366 3250 debeat.
388 3191 468 3252 Vlll.
485 3191 534 3253 11.
551 3192 800 3275 Suutigituptria
807 3209 932 3268 genera,
950 3207 1030 3268 quae
1045 3204 1152 3266 genera
1173 3182 1208 3247 (oi

121 3284 179 3328 nos
201 3270 315 3340 figuras
330 3275 538 3348 appellamus,
565 3276 725 3352 inquibus
741 3277 841 3337 omnis
857 3272 954 3337 oratio
969 3291 1030 3336 non
1046 3271 1153 3331 vitiosa
1179 3264 1214 3285 ”⁴

1263 3006 1269 3045 i

117 3345 325 3418 ‚eonsumiturs
340 3366 432 3412 unam
446 3362 583 3433 gravem,
596 3359 721 3432 aiteram
725 3358 932 3443 mediocrem,
949 3357 1067 3419 tertiam
1081 3361 1149 3449 alles
