2575 3892
117 219 179 287 148
498 216 548 274 on
564 213 796 275 tnnnnrtotm
888 276 891 281 Α
1128 228 1163 283 re

114 370 226 431 modo:
242 367 320 428 lllud
335 363 506 435 docuimus
521 364 596 425 illud
611 366 735 440 planum
751 364 890 424 fecimus.
918 366 964 426 Ita
978 365 1070 428 simul
1085 376 1116 430 et
1130 368 1162 432 in

115 451 294 521 memoriam
315 447 428 508 redibit
447 447 568 508 auditor
590 456 621 507 et
645 446 765 524 putabit
788 447 863 508 nihil
888 464 961 510 esse
988 460 1160 529 praeterea,

117 537 205 612 quod
220 535 332 594 debeat
346 531 534 592 desiderare.
553 530 605 592 99.
620 533 725 607 Atque
738 530 770 590 in
784 531 834 590 his
848 531 1029 608 generibus,
1043 543 1161 598 utente

117 620 233 681 dietum
244 625 301 688 est,
312 625 376 676 tum
389 624 458 675 tuas
471 614 753 690 argumentationes
760 623 825 675 tran
830 615 891 676 sire
898 617 1073 691 separatim,
1086 626 1159 694 tum,

117 703 150 762 id
163 703 251 776 quod
264 698 461 760 artificiosius
476 707 533 771 est,
554 715 624 760 oum
638 698 699 760 tuis
716 698 885 760 contraries
901 699 1107 776 coniungere3
1129 714 1161 765 et
1266 752 1267 760 ,

118 802 213 860 quum
228 794 309 844 tuam
324 782 440 843 dixeris
455 781 757 858 argumentationem,
773 790 845 854 tum,
869 790 975 844 eontra
989 800 1057 844 eam
1073 788 1162 861 quod

116 869 321 935 adserebatur,
339 867 598 941 quemadmodum
612 865 748 938 diluatis,
762 866 938 926 ostendere.
960 867 1006 928 Itu
1017 883 1075 940 per
1088 869 1161 927 bre-

117 969 187 1011 vem
208 949 469 1025 comparationem
489 949 637 1010 auditoris
659 949 806 1009 memoria
827 956 858 1009 et
872 949 912 1009 de
926 948 1160 1011 confirmatione

114 1045 148 1095 et
159 1036 199 1095 de
209 1032 451 1110 reprebfflsione
461 1030 725 1107 redintegrabitur.
741 1033 844 1108 Atque
856 1031 934 1092 haee
946 1032 1014 1099 aliis
1027 1033 1159 1094 aetionis

115 1134 245 1193 quoque
265 1116 366 1176 modis
388 1114 506 1177 variare
528 1114 691 1190 oportebit.
727 1115 802 1175 Nem
823 1122 888 1176 turn
902 1130 943 1175 ex
957 1122 1010 1177 tua
1024 1132 1161 1191 persona
1236 1150 1239 1153 -

117 1216 299 1261 enumerare
313 1199 430 1274 possis,
451 1207 493 1270 ut,
511 1198 586 1274 quid
600 1208 631 1259 et
647 1215 709 1272 quo
725 1197 863 1274 quidque
877 1200 948 1260 loeo
964 1199 1089 1271 dixeris,
1106 1202 1160 1260 ed-

115 1299 261 1354 moneae;
287 1292 352 1343 tum
371 1298 446 1343 vero
468 1297 635 1356 personam
655 1288 708 1341 aut
727 1296 793 1341 rem
812 1280 948 1358 aliquam
967 1282 1114 1345 indueera
1129 1291 1163 1345 et

116 1366 378 1427 enumerationem
398 1365 428 1425 ei
448 1374 542 1425 totam
562 1363 737 1426 attribuere.
771 1364 939 1429 Personam
959 1365 1021 1427 boe
1044 1366 1159 1425 modo:

116 1451 193 1510 Nam
209 1450 236 1510 si
250 1448 327 1523 legis
343 1449 476 1523 scriptor
491 1447 621 1509 exsistet
635 1456 665 1508 et
681 1456 810 1523 quaerat
824 1467 843 1509 a
859 1447 958 1523 vobis,
975 1447 1054 1524 quid
1066 1449 1161 1518 dubi-

118 1534 197 1608 tetis,
215 1531 289 1607 quid
302 1531 431 1608 possitis
447 1532 559 1604 dicere,
577 1549 672 1607 quum
685 1532 775 1593 vobis
789 1533 850 1593 hoo
866 1540 896 1593 et
907 1532 967 1595 hoo
978 1531 1161 1594 sitdemon-

116 1623 266 1677 stratum?
289 1619 393 1691 Atque
407 1616 467 1689 hie,
488 1616 560 1676 item
574 1624 607 1676 ut
620 1614 653 1677 in
666 1622 774 1677 nostre
787 1632 940 1692 persona,
965 1616 1069 1681 ttoebtt
1082 1616 1160 1678 edes

118 1699 295 1775 singillatim
315 1699 446 1760 transire
468 1716 575 1760 omnes
596 1700 892 1776 argumentationes,
910 1699 995 1774 ,alies
1011 1702 1052 1762 ed
1065 1699 1161 1777 parli-

116 1783 218 1844 tiones
240 1782 361 1859 singula
375 1799 490 1859 genera
503 1785 633 1855 referre,
659 1783 736 1845 elias
751 1786 791 1844 ab
805 1783 961 1858 auditore,
986 1785 1063 1860 quid
1077 1785 1160 1845 desi-

115 1867 212 1939 deret,
229 1882 388 1941 quaerere,
401 1866 478 1927 alias
489 1868 566 1928 haer
578 1867 680 1928 iacere
692 1884 749 1942 per
761 1868 1024 1943 eomparationem
1035 1884 1160 1930 suarum

115 1956 148 2009 et
157 1950 380 2012 contrariarum
391 1949 697 2024 argumentatiomun.
716 1949 862 2013 ledeos
874 1952 1159 2032 auteminduoetur‚

116 2032 250 2093 sialioui
263 2033 309 2094 rei
323 2032 513 2105 huiusmodi,
536 2033 612 2109 legi,
634 2037 720 2107 loeo,
742 2032 825 2108 urbi,
847 2044 1045 2098 monumento
1061 2034 1161 2117 oratio

117 2115 297 2178 attribuetur
315 2133 373 2192 per
393 2116 668 2192 enumerationem,
694 2119 880 2180 hooenodo=
909 2119 1004 2197 Quid,
1030 2121 1161 2196 sileges

116 2198 203 2273 loqui
217 2208 369 2274 possent‘t¹
382 2201 491 2263 Nonne
505 2203 582 2262 haee
597 2204 683 2279 apud
696 2219 755 2264 vos
767 2211 994 2279 quererentur?
1008 2202 1161 2279 Quidnam

116 2283 250 2358 amplius
266 2284 459 2359 desideratis,
475 2284 604 2358 iudices,
622 2290 716 2362 quum
730 2287 822 2349 vobis
836 2287 896 2348 hoc
911 2296 943 2350 et
955 2289 1016 2349 hoo
1031 2290 1162 2363 planum

117 2367 233 2427 laetum
248 2367 308 2428 sill
321 2370 355 2428 In
369 2370 430 2429 boo
446 2385 571 2444 quoque
585 2386 699 2444 genere
715 2371 858 2433 omnibus
870 2371 983 2447 iisdem
992 2371 1098 2432 modis
1112 2370 1162 2432 uti

96 2449 228 2535 licebit.
257 2450 423 2511 Commune
438 2461 539 2512 eutem
553 2463 754 2530 praereptum
767 2455 827 2515 boe
840 2455 928 2517 dabar
940 2456 981 2515 ad
991 2470 1161 2515 ,enmnera-

114 2529 245 2605 lionem,
270 2542 304 2594 ut
322 2551 365 2593 ex
383 2552 447 2594 una
466 2552 590 2611 quaque
613 2539 892 2614 argumentatione,
917 2537 1064 2613 quonian
1089 2544 1162 2600 tota

114 2612 225 2674 iterum
247 2614 307 2675 diei
321 2633 384 2677 non
398 2624 517 2693 potest,
543 2618 577 2680 id
591 2621 735 2696 eligatur,
761 2622 846 2697 quod
861 2620 917 2682 erit
930 2619 1161 2697 gravissimum,

116 2706 146 2757 et
165 2716 260 2759 unum
282 2698 419 2776 quidque
434 2718 527 2778 quem
539 2704 723 2768 brevissime
737 2713 926 2780 transeatur,
951 2713 984 2767 ut
998 2706 1157 2779 memoria,

114 2799 177 2842 non
193 2783 291 2845 oratio
304 2788 453 2846 renovata
465 2787 615 2848 videatur.

194 2867 270 2926 Llll.
292 2868 462 2943 Indignatio
484 2879 532 2933 est
552 2872 664 2944 oratio,
690 2889 748 2949 per
769 2890 862 2948 quem
877 2872 1052 2944 eonfieimr,
1076 2871 1161 2933 utin

115 2949 250 3024 aliquem
262 2952 418 3013 bominem
433 2970 575 3029 magnum
591 2954 696 3016 odium
710 2956 808 3018 autin
823 2956 1007 3032 rem‘gravis
1023 2953 1158 3034 offensio

115 3033 293 3095 concitetur.
328 3038 362 3095 In
383 3036 443 3097 hoo
462 3053 577 3112 genere
595 3039 671 3099 illud
690 3040 823 3115 primum
842 3039 977 3117 'intelligi
995 3039 1160 3113 'volumue

115 3127 215 3202 posse
230 3116 372 3177 omnibus
388 3134 428 3179 ex
442 3119 519 3179 loeis
535 3119 587 3192 iis,
604 3137 684 3196 quos
698 3122 730 3183 in
745 3123 989 3186 confirmationis
1007 3114 1160 3199 praecep·

113 3199 152 3247 tls
165 3197 342 3286 postumae,
354 3201 479 3262 tractari
490 3201 740 3279 indignationem.
761 3209 838 3269 Nam
849 3209 936 3287 exiis
947 3208 1057 3281 rebus,
1077 3222 1162 3282 quae

113 3283 257 3358 personis
280 3288 333 3338 aut
353 3301 434 3355 quae
448 3287 580 3360 negotiis
596 3297 669 3350 sunt
682 3291 862 3367 attrdautae,
878 3293 1009 3369 quaevis
1029 3290 1161 3368 amplifi-

114 3354 251 3442 cationes
270 3365 300 3415 et
312 3361 539 3454 indignationes
557 3372 642 3431 nasei
654 3382 800 3448 ‘mesaab
818 3379 875 3438 sed
888 3385 993 3438 tamen
1005 3392 1057 3450 ea,
1076 3389 1162 3452 quae

114 3437 279 3494 separaum
294 3437 335 3495 de
348 3446 558 3518 indignatione
578 3457 716 3531 praeripi
736 3469 887 3532 possunt,
909 3459 1161 3520 consideremus.
