2575 3892
342 227 457 289 LIBER
480 227 533 286 IV.
557 227 643 287 CAP.
659 237 780 290 21-23.
803 237 830 298 §-
846 237 969 293 att-33.
1129 228 1170 289 75

129 393 323 470 superiores,
337 399 506 470 propterca
521 393 607 466 quod
618 407 682 453 non
694 393 795 453 solum
806 393 938 465 additae,
951 393 1008 478 sed
1020 409 1083 455 uuo
1096 399 1171 454 tem·
1269 440 1270 445 η

127 494 211 556 pore
224 478 371 554 demptae
386 491 514 550 quoque
529 475 650 537 litterae
662 484 743 536 sunt.
759 475 894 564 Tertium
902 493 1001 552 genus
1014 484 1071 549 est,
1085 478 1173 552 quod
1269 508 1270 515 ,

129 567 278 624 versatur
290 561 323 620 in
338 558 720 637 caspumcommntatione
734 568 788 620 aut
798 560 889 621 unius
905 567 958 619 aut
969 561 1102 635 plurium
1117 578 1171 623 no·
1269 578 1270 643 g

129 644 259 706 minum.
274 632 458 704 asuerus
473 626 824 714 nominffsho'c‘iirodo:
846 643 1027 703 Alexander
1040 643 1170 706 Macedo

131 743 255 790 summo
277 727 384 787 labore
405 726 539 787 animum
554 725 595 786 ad
609 724 754 788 virtutem
774 744 794 792 a
812 724 947 803 pueritia
970 724 1171 792 confirmavit.
1269 730 1270 743 ²

130 809 303 872 Alexandri
314 809 444 871 virtutes
455 826 513 885 per
527 809 633 870 orbern
644 816 746 873 terrac
762 826 832 871 cum
846 809 940 870 laude
955 815 986 869 et
999 806 1099 884 gloria
1108 813 1174 869 vul-
1269 804 1270 809 ’

130 901 226 971 gatae
240 901 322 954 sunt.
351 894 532 954 Alexandro
554 892 582 953 si
596 891 660 953 vita
674 896 747 954 data
760 893 884 970 longior
898 900 997 964 esset,
1018 891 1174 952 Oceanum
1269 912 1270 929 ³

131 983 268 1052 [manus]
283 978 490 1038 Macedonum
504 980 742 1041 transvolasset.
763 978 976 1039 Alexandrum
988 988 1097 1037 omnes
1113 990 1175 1035 ma·
1269 1040 1270 1045 ἵ

132 1061 217 1122 xime
230 1067 414 1133 metuerant,
420 1059 514 1120 iidem
528 1059 893 1135 plurimumdilexerunt.
908 1058 1005 1121 Varie
1016 1059 1067 1119 hic
1080 1073 1174 1119 unum
1269 1066 1270 1135 3

132 1161 248 1205 nomen
260 1144 291 1204 in
304 1142 544 1215 commutatione
555 1159 684 1205 casuum
695 1147 869 1207 volutatum
881 1152 938 1205 est.
949 1144 1040 1205 Plura
1051 1140 1177 1215 nomina
1269 1176 1270 1211 3

117 1228 258 1289 casibus
273 1227 469 1289 commutatis
486 1228 546 1288 hoc
562 1230 656 1289 modo
676 1229 790 1290 facient
804 1227 1102 1294 adnominationcm:
1130 1225 1175 1285 Τί.
1269 1254 1270 1307 3

132 1312 307 1372 Gracchum
325 1328 389 1371 rem
411 1310 566 1387 publicam
587 1311 853 1373 administrantem
869 1306 1028 1388 prohibuit
1048 1308 1175 1385 indigna

132 1412 195 1455 nex
215 1395 330 1456 diutius
354 1395 385 1456 in
412 1411 450 1454 ea
471 1393 677 1456 commorari>
709 1399 741 1456 C.
763 1396 903 1457 Graccho
927 1394 1034 1455 similis
1058 1392 1174 1454 occisio

132 1486 184 1537 est
199 1479 312 1553 oblata,
329 1495 410 1552 quae
424 1477 525 1538 virum
540 1477 585 1538 rei
599 1478 742 1553 publicae
758 1478 1002 1539 amantissimum
1017 1476 1120 1537 subito
1137 1477 1177 1534 de

134 1559 206 1620 sinu
221 1560 352 1621 civitatis
366 1559 486 1634 eripuit.
502 1560 710 1632 Saturninum,
722 1561 784 1622 fide
797 1568 931 1636 captum,
944 1563 1096 1620 malorum
1106 1574 1176 1633 per-

135 1641 210 1702 fidia
225 1656 282 1717 per
295 1645 399 1702 scelus
415 1642 477 1702 vita
488 1642 643 1717 privavit·
659 1645 753 1714 Tuus,
771 1659 789 1703 o
804 1644 914 1715 Druse,
928 1641 1055 1717 sanguis
1071 1642 1176 1701 dome-

134 1724 234 1787 sticos
258 1724 395 1800 parietes
417 1732 448 1785 et
467 1728 586 1785 vultum
606 1726 744 1798 parentis
771 1727 916 1800 aspersit.
957 1723 1096 1798 Sulpicio
1125 1723 1178 1796 qui

135 1811 242 1885 paullo
260 1815 332 1868 ante
347 1807 451 1881 omnia
467 1807 690 1881 concedebant,
706 1824 776 1869 eum
790 1807 879 1868 brevi
890 1806 991 1882 spatio
1004 1823 1067 1867 non
1083 1807 1176 1866 modo
1269 1828 1270 1831 ¹

134 1892 254 1963 vivere,
269 1891 327 1952 sed
342 1890 433 1950 etiam
450 1891 575 1965 sepeliri
589 1891 825 1966 prohibuerunt.
860 1890 910 1951 32.
929 1891 1015 1951 Haeo
1033 1888 1092 1948 tria
1106 1904 1177 1964 pro·
1269 1918 1270 1921 π

133 1975 218 2036 xima
232 1991 349 2051 genera
360 1973 605 2046 exornationem,
619 1990 751 2050 quorum
760 1991 856 2036 unum
870 1974 901 2035 in
917 1971 1055 2034 similiter
1067 1974 1178 2033 eaden·
1269 2022 1270 2025 ,

134 2059 228 2130 tibus,
241 2061 372 2119 alterum
386 2056 419 2118 in
435 2057 575 2119 similiter
586 2054 800 2120 desinentibus
815 2057 927 2131 verbis,
944 2056 1068 2117 tertium
1083 2056 1114 2116 in
1126 2057 1178 2116 ad·
1269 2054 1270 2075 ³

135 2140 397 2202 nominationibus
409 2141 547 2217 positum
563 2151 621 2214 est,
636 2159 765 2217 perraro
779 2142 929 2203 sumenda
941 2148 1022 2213 sunt,
1038 2156 1131 2215 quum
1146 2138 1179 2198 in

136 2225 268 2285 veritate
282 2225 429 2297 dicimus3
448 2232 617 2300 propterea
629 2227 714 2300 qnod
726 2242 789 2286 non
800 2225 877 2285 haec
890 2224 1036 2285 videntur
1047 2220 1178 2298 reperiri
1269 2222 1270 2225 ’

136 2324 235 2384 posse
246 2307 313 2367 sine
322 2308 534 2369 elaboratione
546 2316 577 2369 et
588 2309 827 2385 consumptione
839 2324 970 2385 operae;
983 2306 1090 2367 XXIII.
1099 2304 1179 2365 eius·
1269 2310 1270 2381 j

135 2391 221 2452 modi
237 2398 340 2451 autem
355 2391 459 2452 studia
478 2392 518 2452 ad
539 2385 778 2454 delectationem
795 2391 942 2467 quemad
960 2390 1122 2449 veritatem
1136 2387 1179 2447 vi-

136 2476 249 2535 dentur
263 2475 556 2536 accommodatiora.
579 2475 682 2550 Quare
694 2476 773 2536 tides
785 2483 816 2536 et
830 2473 967 2551 gravitas
983 2478 1014 2534 et
1026 2469 1178 2533 severitas

137 2558 274 2618 oratoria
286 2558 433 2620 minuitur
447 2558 496 2620 his
512 2557 769 2621 exornationibus
785 2560 964 2633 frequenter
977 2553 1139 2623 collocatis
1150 2560 1182 2614 et
1269 2578 1270 2581 ¹

137 2658 201 2701 non
216 2643 311 2701 modo
326 2642 444 2702 tollitur
459 2641 628 2703 auctoritas
643 2641 775 2715 meandi,
795 2643 853 2703 sed
869 2641 1037 2702 offenditur
1052 2654 1180 2715 quoque
1269 2646 1270 2661 ³

137 2724 169 2784 in
183 2723 336 2785 eiusmodi
353 2724 510 2794 oratione,
526 2726 795 2800 proptereaquod
808 2732 858 2785 est
875 2724 907 2783 in
921 2723 969 2782 his
984 2726 1076 2798 lepos
1093 2729 1124 2781 et
1138 2723 1179 2780 te·
1269 2758 1270 2761 =

139 2804 271 2874 stivitas
283 2820 347 2864 non
360 2806 491 2880 dignitas
504 2823 607 2880 neque
617 2807 806 2882 pulcritudo.
823 2809 1023 2880 coaequae
1034 2811 1107 2864 sunt
1119 2819 1180 2862 am·

137 2890 191 2964 pla
205 2893 301 2961 atque
315 2888 435 2960 pulcra,
458 2886 511 2946 diu
529 2891 654 2962 placere
668 2896 815 2963 possunt3
843 2903 924 2962 quae
944 2884 1048 2962 lepida
1063 2892 1136 2946 sunt
1151 2894 1181 2945 et
1269 2944 1270 2949 ,

138 2969 301 3041 concinna,
315 2969 376 3032 cito
389 2969 531 3031 satietate
542 2971 691 3031 adiiciunt
701 2971 820 3031 aurium
832 2976 959 3030 sensnm
970 2969 1180 3031 fastidiosissi-

135 3071 232 3116 mum.
266 3053 429 3126 Quomodo
444 3052 545 3129 igitur,
560 3053 590 3114 si
604 3054 713 3117 crebro
729 3053 958 3130 his‘generibus
968 3061 1103 3126 utemur,
1124 3073 1181 3131 pu-
1269 3088 1270 3103 2

139 3138 206 3200 erili
221 3137 394 3198 videbimur
409 3137 586 3199 elocutione
600 3137 762 3211 delectari,
784 3139 870 3212 item,
892 3137 919 3200 si
933 3154 1005 3200 raro
1018 3139 1181 3200 intersere-

139 3221 281 3297 musbhas
298 3224 519 3283 exornationes
542 3227 573 3281 at
593 3220 624 3281 iu
646 3229 827 3284 causatore
850 3221 934 3285 varic
954 3223 1179 3300 dispergemus,
1269 3254 1270 3257 ¹

140 3304 305 3367 commode
320 3305 486 3373 luminibus
502 3304 654 3367 distinctis
670 3304 891 3370 illustrabimus
907 3308 1088 3369 orationem.

223 3387 456 3475 33.„,Subipptio
473 3397 535 3461 est,
553 3390 888 3473 quuminterrogamus
904 3390 1105 3451 adversarios
1128 3388 1181 3472 aut

141 3464 402 3549 quaerimu's'ipsi
422 3468 550 3550 quinat
566 3473 624 3533 illis
637 3483 693 3534 aut
709 3463 1180 3567 QQJXOQQ„Qsffiiifflssffi
1269 3504 1270 3525 2
