2575 3892
131 197 151 250 5
395 181 512 242 LIBER
527 183 549 239 Ι.
573 182 656 242 ΟΑΡ.
671 189 757 244 5-6.
777 187 804 249 S·
816 189 903 245 6--8Ι
1112 180 1173 245 107

132 337 273 406 facultas,
297 348 377 408 quae
392 330 553 391 conficitur
570 338 699 403 exarte,
719 341 869 392 versatur.
905 333 945 393 Ut
960 332 986 393 si
1000 331 1175 394 medicinae

46 420 48 429 '
130 418 291 481 materiam
318 416 449 476 dicimus
470 413 596 474 morbos
617 429 653 472 ac
676 416 817 486 vulnera,
845 417 930 490 quod
948 416 980 483 in
1000 417 1049 478 his
1071 416 1173 477 omnis

31 571 33 580 ,
130 501 287 565 medicina
300 504 456 567 versetur3
479 496 566 567 item,
584 496 696 571 quibus
710 495 741 555 in
755 497 849 557 rebus
862 505 1002 559 versatur
1016 516 1066 559 ars
1082 509 1112 560 et
1126 502 1140 559 f
1158 532 1171 540 -

31 613 35 616 ·
131 588 233 646 cultas
247 580 388 652 oratoria,
405 595 458 639 eas
469 595 520 640 res
531 578 689 640 materiam
700 579 774 640 artis
784 577 956 643 rhetoricae
968 582 1169 645 nominamus.

130 669 198 729 Has
213 673 316 727 autem
329 679 381 723 res
396 662 447 722 alii
460 666 576 740 plures,
592 662 644 722 olii
658 661 823 737 pauciores
839 661 1060 723 existimamnt.
1093 667 1170 727 Nam

133 747 265 825 Gorgias
278 746 462 818 Leontinus,
489 744 722 827 antiquissimus
744 747 810 805 fere
829 745 948 817 rhetor,
976 746 1116 807 omnibus
1131 750 1171 809 de

26 820 27 859 ³
131 834 227 895 rebus
244 840 396 893 oratorem
411 830 526 905 optime
540 846 637 905 posse
653 829 757 889 dicere
772 828 967 889 existimavit.
997 828 1055 888 Hic
1070 829 1172 889 infini-

131 926 196 978 tam
216 924 247 976 et
266 915 447 975 immensam
469 913 539 974 huic
554 911 684 972 artificio
699 911 856 972 materiam
872 911 1026 973 subiicere
1039 911 1172 972 videtur,

131 1000 317 1061 Aristoteles
338 1005 455 1069 autem,
483 996 536 1071 qui
555 995 627 1056 huic
648 994 705 1055 arti
726 994 857 1071 plurima
881 994 1055 1056 adiumenta
1078 1002 1171 1069 atque

133 1090 314 1143 ornamenta
329 1079 579 1152 subministravit,
596 1078 693 1140 tribus
708 1078 740 1138 in
754 1078 919 1155 generibus
933 1095 1035 1138 rerum
1051 1079 1172 1140 uersari

130 1165 265 1227 rhetoris
282 1164 417 1226 officium
431 1163 564 1239 putavit,
588 1163 839 1236 demonstrativo,
861 1160 1070 1235 deliberativa,
1092 1162 1171 1224 iudi-

133 1249 213 1310 ciali.
248 1248 527 1309 Demonstrativum
542 1254 603 1331 est,
622 1247 707 1322 quod
722 1246 864 1308 tribuitur
877 1245 908 1305 in
923 1245 1053 1306 alicuius
1068 1256 1171 1307 cartae

132 1348 288 1410 personae
308 1333 431 1393 laudem
451 1339 504 1391 aut
516 1330 789 1406 vituperationem
816 1329 1064 1402 deliberativum,
1086 1330 1169 1404 quod

133 1415 270 1492 positum
290 1415 321 1476 in
336 1414 562 1490 disceptatione
577 1413 660 1473 civili
674 1413 767 1474 habet
780 1413 812 1472 in
827 1429 862 1474 se
876 1412 1047 1474 sententiae
1063 1413 1170 1474 dictio·

133 1515 222 1568 nem,
244 1497 397 1569 iudiciale,
414 1498 499 1572 quod
513 1497 649 1570 positum
663 1497 694 1555 in
709 1496 823 1557 iudicio
839 1497 932 1557 habet
946 1495 977 1555 in
992 1513 1028 1557 se
1042 1513 1171 1558 accusa·

133 1581 249 1644 tionem
270 1587 301 1640 et
320 1580 534 1639 defensionem
548 1586 601 1638 aut
614 1579 793 1653 petitionem
807 1587 838 1640 et
851 1579 1086 1643 recusationem.
1121 1580 1170 1652 Et,

117 1663 394 1741 quemadmodum
418 1668 525 1723 nostra
546 1661 670 1737 quidem
691 1662 749 1722 fert
769 1661 889 1738 opinio,
917 1664 1048 1724 oratoris
1068 1679 1118 1723 ars
1139 1671 1171 1724 et
1221 1694 1223 1698 ·
1255 1739 1258 1744 Ι

133 1748 263 1808 facultas
284 1744 316 1805 in
337 1745 396 1805 hac
417 1743 544 1805 materia
565 1743 716 1819 tripertita
741 1745 859 1805 versari
884 1745 1088 1806 existimanda
1112 1754 1171 1807 est.

132 1832 186 1890 Vl.
207 1830 237 1893 8.
257 1830 334 1889 Nam
352 1829 558 1903 Hermagoras
581 1827 706 1903 quidem
727 1844 784 1889 nec
807 1828 881 1905 quid
901 1829 987 1905 ¹dicat
1012 1830 1170 1890 attendere

131 1931 190 1974 nec
202 1912 277 1990 quid
287 1912 470 1988 polliceatur
480 1910 649 1987 intelligere
659 1912 790 1987 videtur,
807 1911 859 1988 qui
872 1912 1002 1973 oratoris
1012 1911 1171 1975 materiam
1275 1988 1278 2006 ,

119 1990 162 2059 'in
178 2013 304 2058 causam
319 2004 349 2057 et
362 1995 394 2056 in
410 1995 621 2071 quaestionem
636 1994 761 2057 dividat.
784 1997 915 2057 Causam
926 2012 998 2057 esse
1009 1997 1083 2058 dicit
1093 2013 1168 2070 rem,

73 2148 76 2153 ,
132 2098 213 2158 quae
231 2081 346 2147 habeat
364 2080 397 2140 in
418 2097 454 2141 se
475 2078 717 2140 controversiam
736 2079 767 2138 in
789 2080 922 2141 dicendo
942 2080 1077 2156 positam
1099 2097 1168 2142 cum

130 2181 334 2241 personarum
348 2171 501 2225 certarum
514 2162 765 2238 interpositione;
782 2181 873 2239 quam
888 2180 1088 2240 nosquoque
1101 2175 1169 2225 ora-

130 2248 190 2310 tori
206 2247 336 2308 dicimus
352 2262 423 2307 esse
438 2245 620 2306 attributam.
653 2246 729 2306 Nam
747 2254 809 2306 tres
824 2247 853 2307 ei
867 2256 981 2323 parteS,
1004 2265 1083 2324 quas
1097 2254 1169 2308 ante

130 2330 275 2403 diximus,
292 2329 507 2405 supponimus,
523 2329 707 2404 iudicialem,
724 2329 963 2405 deliberativam,
978 2333 1170 2391 demonstra·

128 2415 231 2476 livam.
267 2413 485 2487 Quaestionem
499 2421 601 2474 antem
616 2430 685 2474 eam
699 2415 843 2488 appellat,
867 2430 948 2490 quae
961 2414 1073 2474 habeat
1086 2413 1118 2472 in
1134 2428 1169 2473 se

129 2497 373 2559 controversiam
386 2498 418 2557 in
432 2497 565 2558 dicendo
580 2495 714 2573 positam
724 2498 791 2558 sine
803 2506 956 2559 certarum
965 2513 1170 2573 personarum

129 2580 379 2656 interpositione,
405 2581 543 2642 adhunc
561 2583 703 2642 modum:
727 2580 847 2657 Ecquid
862 2581 902 2642 sit
916 2582 1031 2642 bonum
1044 2589 1169 2657 praeter
1249 2632 1256 2651 ,

129 2663 467 2724 honestatemeerine
475 2662 678 2724 sintsensusf
689 2664 773 2736 Quae
785 2663 825 2724 sit
835 2665 940 2724 mundi
952 2667 1071 2725 forma?
1084 2665 1169 2738 Quae

131 2746 172 2805 sit
186 2745 263 2805 solis
277 2744 476 2818 magnitudor
490 2745 572 2818 Quas
589 2746 787 2820 quaestiones
803 2749 911 2820 procul
925 2749 964 2805 ab
980 2746 1110 2806 oratoris
1124 2747 1169 2806 of·

130 2826 203 2888 ficio
218 2834 352 2886 remotas
367 2826 457 2885 facile
472 2838 580 2886 omnes
590 2827 760 2901 intelligere
771 2828 992 2888 existimamus.
1014 2830 1090 2889 Nam
1102 2827 1170 2903 qui-

129 2912 191 2972 bus
211 2905 243 2969 in
263 2908 358 2968 rebus
379 2924 499 2968 summa
518 2908 642 2983 ingenia
662 2909 920 2984 pbilosophorum
943 2910 1074 2986 plurimo
1100 2915 1191 2975 cum.

128 2995 237 3055 labore
257 2999 443 3067 consumpta
455 2991 667 3066 intelligimus,
693 3008 747 3052 eas
762 2992 842 3053 sicut
855 2993 975 3069 aliquas
990 3010 1102 3070 parvas
1116 3011 1168 3057 res

131 3076 246 3139 oratori
266 3075 432 3136 attribuere
453 3090 564 3152 magna
584 3073 717 3137 anrentia
729 3075 861 3137 videtur.
897 3076 1014 3151 Quodsi
1027 3095 1169 3156 magnam
1247 3084 1248 3087 ’

70 3234 73 3243 1
129 3160 161 3220 in
180 3160 230 3220 bis
244 3161 450 3236 Hemnagoras
472 3159 632 3221 habuisset
653 3160 827 3223 facultatem
841 3161 943 3223 studio
959 3170 990 3222 et
1004 3162 1170 3240 disciplina
1239 3154 1244 3163 '

130 3252 366 3320 comparatam,
379 3243 536 3305 videretur
556 3244 653 3304 fretus
675 3261 733 3305 sua
753 3244 882 3306 scientia
896 3247 1006 3306 falsum
1022 3247 1169 3322 quiddam

128 3328 328 3390 constituisse
343 3330 383 3389 de
403 3328 535 3390 oratoris
552 3328 682 3389 artificio
699 3336 731 3388 et
753 3346 815 3390 non
836 3327 910 3402 quid
931 3344 998 3399 ars,
1021 3330 1078 3385 sed
1095 3326 1170 3414 quid

130 3411 198 3486 ipse
208 3421 326 3489 posset,
339 3413 537 3493 exposuisse.
551 3413 638 3473 Nunc
649 3429 724 3474 vero
737 3411 834 3473 cavis
846 3408 936 3473 estin
951 3410 1084 3474 bomine,
1096 3412 1130 3461 ut
1140 3419 1170 3458 er
