2575 3892
306 149 425 208 132
1038 147 1138 204 DE
1173 144 1636 203 invmrioxa
2363 150 2463 203 30
2548 113 2550 163 ²

301 294 417 356 sibi
459 311 539 354 ex
578 295 713 366 lege
742 301 994 368 praetor
1022 299 1441 363 successerat,
1495 289 1830 351 exercitum
1861 307 1987 350 non
2020 289 2307 352 tradidit
2347 303 2448 363 et,

300 393 486 451 quum
528 390 763 450 paucos
805 375 943 449 ipse
984 376 1119 436 dies
1163 384 1377 437 contra
1418 377 1616 448 legem
1666 373 2004 433 exercitum
2054 373 2442 446 tenuisset,

298 460 826 522 Lacedaemonios
852 460 1123 521 funditus
1148 458 1316 531 vicit,
1342 502 1356 516 .
1377 502 1392 518 .
1411 502 1425 517 .
1451 457 1677 534 poterit
1697 463 2030 516 accusator
2050 471 2436 530 argumen-

296 543 529 601 tatione
560 545 646 604 uti
681 561 789 618 per
812 543 1245 615 inductionem,
1272 559 1460 617 quum
1486 540 1782 615 scriptum
1812 539 1964 613 legis
1994 547 2225 600 contra
2254 559 2427 602 sen-

300 629 550 689 tentiam
579 630 898 699 defendat‚
951 630 1031 688 ad
1059 629 1219 687 hunc
1249 630 1528 686 modumt
1585 626 1680 695 Si,
1734 625 2003 694 iudiceS,
2058 623 2118 682 id
2141 668 2158 695 ,
2225 628 2430 698 quod

302 713 762 787 Epaminondas
794 711 878 772 ait
898 711 1052 786 legis
1077 711 1440 788 scriptorem
1459 709 1758 782 sensisse,
1787 706 2059 767 ascribat
2079 707 2166 765 ad
2190 707 2429 782 legem

303 805 365 855 et
392 796 579 855 addat
601 796 759 854 hanc
783 793 1243 871 exceptionem=
1280 790 1682 859 ExraA'ouAM
1710 807 1766 850 st
1797 806 1932 858 oms
1962 804 2065 848 aar
2092 805 2426 850 PunucAE

304 894 502 937 CAUSA
541 893 882 936 Exaacmm
920 893 1041 936 non
1082 893 1476 948 raAmnssm‘r,
1535 872 1892 949 patiemini?
1959 872 2099 932 Non
2143 873 2421 949 opinor.

304 960 482 1033 Quid,
510 962 563 1022 si
587 970 830 1022 vosmet
853 961 989 1036 ipsi,
1017 962 1185 1035 quod
1202 978 1236 1020 a
1260 968 1471 1021 vestra
1492 959 1789 1036 religione
1812 965 1875 1018 et
1895 975 1934 1017 a
1954 955 2275 1030 sapientia
2310 976 2420 1018 re⁴

302 1043 709 1104 motissimum
740 1053 851 1111 est,
884 1043 1060 1104 istius
1091 1043 1344 1103 honoris
1375 1057 1566 1101 causa
1593 1048 1750 1100 nanc
1776 1039 2038 1100 eandem
2066 1040 2417 1115 exceptio-

302 1140 441 1184 nem
471 1125 712 1185 iniussu
742 1124 959 1200 populi
989 1126 1069 1184 ad
1100 1126 1298 1200 legem
1328 1123 1554 1184 ascribi
1582 1122 1842 1183 iubeatis
1861 1168 1876 1195 ‚
1927 1124 2203 1198 populus
2237 1124 2411 1184 The-

300 1208 498 1267 banus
530 1206 593 1266 id
622 1208 967 1281 patieturne
998 1207 1177 1267 fieri?
1213 1208 1494 1267 Profecto
1525 1222 1649 1265 non
1680 1205 1960 1280 patietur.
2024 1204 2200 1278 Quod
2235 1223 2409 1280 ergo

300 1286 527 1349 ascribi
568 1291 649 1349 ad
692 1291 891 1362 legem
933 1290 1109 1350 nefas
1150 1296 1275 1360 est,
1325 1288 1391 1348 id
1432 1288 1644 1363 sequi,
1699 1289 1879 1365 quasi
1920 1288 2248 1361 ascriptum
2279 1290 2402 1362 sit,

298 1379 534 1432 rectum
583 1371 765 1431 vobis
815 1370 1137 1432 videatur?
1191 1371 1353 1442 Novi
1397 1381 1666 1432 vestram
1715 1369 2193 1446 intelligentiam,
2246 1387 2396 1433 non

298 1463 509 1531 potest
550 1453 636 1516 ita
677 1454 905 1527 videri,
961 1453 1219 1517 iudices.
1295 1455 1533 1529 Quodsi
1570 1454 1785 1517 litteris
1818 1453 2039 1528 corrigi
2066 1470 2278 1530 neque
2309 1457 2397 1516 ab

298 1536 403 1598 illo
436 1554 641 1615 neque
663 1556 701 1599 a
721 1537 902 1601 vobis
928 1539 1247 1615 scriptoris
1268 1542 1556 1601 voluntas
1580 1546 1803 1613 potest,
1836 1536 2059 1610 videte,
2090 1555 2169 1598 ne
2192 1540 2390 1599 multo

300 1620 613 1702 indignius
656 1621 737 1683 sit
775 1621 840 1681 id
880 1639 948 1682 re
988 1632 1048 1683 et
1087 1622 1315 1684 iudicio
1344 1633 1552 1684 vestro
1583 1621 1833 1695 mutari,
1883 1623 2054 1697 quod
2083 1639 2162 1682 ne
2190 1623 2388 1684 verbo

302 1705 555 1780 quidem
586 1705 945 1766 commutari
973 1716 1198 1781 potest.
1240 1708 1334 1765 Ae
1365 1707 1443 1764 de
1473 1705 1827 1766 inductione
1859 1704 2111 1780 quidem
2138 1706 2295 1767 satis
2322 1706 2387 1766 in

297 1789 652 1864 praesentia
679 1788 905 1851 dictum
936 1790 1191 1850 videtur.
1234 1787 1336 1850 57.
1365 1789 1537 1848 Nunc
1569 1789 1866 1862 deinceps
1896 1787 2386 1850 ratiocinationis

299 1871 423 1930 vim
454 1881 515 1932 et
543 1883 818 1933 naturam
849 1872 1337 1933 consideremus,

460 1955 724 2013 XXXIV.
753 1953 1160 2014 Ratiocinatio
1193 1963 1291 2014 est
1319 1953 1514 2016 oratio
1547 1971 1627 2014 ex
1655 1953 1797 2030 ipsa
1823 1970 1891 2013 re
1921 1953 2242 2029 probabile
2270 1971 2335 2014 a.
2354 1991 2385 2002 -
2431 1988 2435 1991 -

300 2034 450 2112 quid
474 2035 759 2107 elicienS,
814 2038 985 2110 quod
1014 2037 1368 2111 expositum
1394 2046 1454 2097 et
1489 2054 1600 2112 per
1626 2053 1698 2097 se
1728 2037 2045 2112 cognitum
2076 2055 2193 2100 sua
2221 2056 2290 2099 se
2314 2035 2378 2094 vi

296 2127 360 2180 et
387 2117 626 2178 ratione
657 2116 995 2183 confirmet.
1038 2119 1174 2180 Hoc
1204 2121 1282 2181 de
1313 2137 1539 2197 genere
1571 2119 1677 2197 qui
1707 2119 2063 2194 diligentius
2094 2121 2382 2183 conside-

295 2202 556 2262 randum
597 2209 996 2277 putaverunt,
1042 2219 1228 2278 quum
1256 2200 1421 2261 idem
1448 2202 1508 2260 in
1537 2219 1659 2263 usu
1689 2203 1932 2264 dicendi
1956 2213 2376 2281 sequerentur,

297 2286 636 2358 paullulum
660 2283 725 2346 in
755 2285 1183 2362 praecipiendi
1210 2287 1451 2349 ratione
1479 2286 1934 2348 dissenserunt.
1979 2288 2130 2347 Nam
2158 2288 2382 2362 partim

302 2369 573 2444 quinque
616 2368 751 2432 eius
781 2379 989 2444 partes
1020 2386 1164 2431 esse
1210 2371 1526 2444 dixerunt,
1578 2368 1801 2446 partim
1840 2386 1967 2431 non
2007 2372 2146 2444 plus
2192 2387 2379 2444 quam

298 2457 363 2516 in
395 2463 523 2514 tres
546 2460 757 2526 partes
787 2468 980 2526 posse
1010 2451 1295 2513 distribui
1321 2461 1711 2528 putaverunt.
1764 2453 1992 2516 Eorum
2019 2458 2376 2512 controver-

292 2536 449 2596 siam
492 2549 617 2593 non
646 2531 1104 2594 incommodum
1131 2533 1378 2597 videtur
1406 2552 1547 2598 cum
1570 2544 1973 2614 utrorumque
1998 2531 2234 2597 ratione
2261 2549 2373 2595 ex-

292 2631 547 2690 ponere.
590 2616 743 2676 Nam
770 2623 831 2677 et
858 2617 1067 2678 brevis
1098 2627 1195 2680 est
1223 2629 1286 2680 et
1313 2637 1436 2682 non
1466 2620 1790 2693 eiusmodi,
1822 2629 1891 2683 ut
1915 2617 2091 2682 alteri
2119 2635 2370 2694 prorsus

291 2695 440 2758 nihil
484 2698 693 2762 dicere
734 2708 1052 2776 putentur,
1103 2710 1164 2762 et
1192 2704 1370 2764 locus
1400 2704 1499 2765 hic
1529 2704 1710 2765 nobis
1738 2704 1802 2764 in
1833 2703 2099 2764 dicendo
2130 2702 2369 2764 minime

296 2782 704 2862 negligendus
732 2784 993 2847 videtur.

455 2869 557 2935 58
603 2869 718 2944 Qui
768 2877 984 2944 putant
1033 2868 1096 2930 in
1150 2869 1426 2946 quinque
1473 2868 1756 2932 distribui
1808 2882 2018 2950 partes
2070 2878 2366 2946 oportere,

292 2956 464 3016 aiunt
492 2953 749 3030 primum
778 2953 1112 3015 convenire
1142 2969 1460 3029 exponere
1484 2970 1783 3016 summam
1809 2952 2364 3032 argumentationiS,

292 3040 372 3096 ad
404 3040 562 3097 hunc
591 3038 873 3098 modumx
901 3037 1126 3098 Melius
1157 3045 1540 3110 accurantur,
1576 3054 1736 3114 quae
1765 3038 2030 3099 consilio
2062 3046 2363 3113 geruntur,

296 3136 392 3192 qu
384 3136 480 3176 ιιιι
508 3137 669 3194 quae
699 3119 836 3180 sine
866 3119 1127 3189 consilio
1160 3119 1678 3183 administrantur.
1741 3122 1916 3182 Hanc
1946 3121 2206 3198 primam
2230 3138 2364 3196 par-

292 3208 412 3256 tem
456 3211 803 3272 numerant,
856 3221 992 3265 eam
1033 3201 1332 3279 deinceps
1373 3203 1714 3265 rationibus
1743 3204 1932 3265 variis
1965 3213 2026 3265 et
2058 3221 2236 3280 quam
2264 3221 2361 3264 co-

296 3276 665 3348 piosiesimis
706 3285 915 3344 verbis
946 3286 1290 3381 ’approbari
1341 3293 1558 3360 putant
1607 3296 1925 3361 oportere,
1981 3287 2102 3347 hoe
2153 3288 2345 3348 modo·

296 3360 522 3413 Domus
545 3373 637 3428 ea,
670 3377 829 3430 quae
851 3365 1087 3425 ratione
1106 3367 1356 3455 regitur,
1386 3368 1667 3428 omnibus
1690 3378 1786 3428 est
1805 3369 2164 3429 instructior
2180 3370 2357 3430 rebus
