2575 3892
335 1 339 32 t
427 9 431 26 t

127 146 169 208 aa
385 89 395 112 ἱ
462 93 516 204 aa
540 145 571 205 c.
593 101 826 204 rmnunnrun'
844 121 860 234 ,j

127 298 169 357 ad
180 307 320 356 causam:
341 296 477 366 alterum,
490 293 575 368 quod
586 292 706 354 tametsi
717 291 910 366 nugatorium
923 303 979 367 est,
990 303 1091 355 amen
1104 314 1171 360 non

126 374 245 453 indiget
260 375 511 452 reprehensione.
545 375 629 448 Quae
642 374 719 449 sint,
744 391 824 449 quae
835 376 1080 450 reprehensione
1092 396 1170 441 con·

127 460 219 523 lutari
232 459 404 534 conveniat,
417 471 497 534 quae
508 457 599 518 tacite
610 459 765 519 contemni
776 468 869 533 atque
880 458 970 518 vitari
982 460 1050 520 sino
1060 478 1169 537 repre·-

126 542 294 617 hensione,
316 541 376 602 nisi
393 543 535 617 exempla
552 540 734 615 subissem,
754 540 925 615 intelligere
947 541 1082 605 dilucide
1102 562 1169 606 non

125 624 254 703 poteris.
275 625 360 685 Haec
372 623 507 700 cognitio
517 623 698 685 vitiosarum
708 624 1004 699 argumentationum
1011 628 1169 702 duplicem

126 708 286 770 utilitatem
301 708 430 769 adferet.
460 707 536 767 num
553 714 584 767 et
600 705 698 767 vitare
719 707 751 766 in
772 709 1035 782 argumentatione
1057 711 1169 775 uitium

126 791 304 853 admonebit
325 800 356 852 et
375 791 415 849 ab
437 789 507 850 eliis
529 803 591 850 non
613 789 740 851 vitatum
758 791 919 852 commode
935 792 1170 866 reprehendere

127 874 259 936 docebit.
293 873 443 947 Quoniam
459 871 550 948 igitur
560 872 752 935 ostendimus
761 874 929 948 perlectam
937 883 971 940 et
981 875 1107 948 plenem
1115 893 1167 935 ar·

126 956 385 1033 gumentationem
398 972 438 1015 ex
448 954 587 1031 quinque
596 955 734 1031 partibus
747 964 905 1030 constare,
922 955 953 1016 in
964 972 1027 1016 una
1040 974 1169 1034 quaque

125 1048 212 1116 parte
224 1039 497 1115 argumentationis
512 1038 898 1114 quaestiuncularum,
921 1040 1166 1116 consideremus

125 1131 160 1183 ut
178 1130 209 1181 et
227 1122 289 1198 ipsi
304 1123 346 1182 ab
355 1122 404 1183 his
416 1121 501 1184 vitiis
511 1123 659 1183 recedere
671 1132 702 1183 et
712 1122 959 1182 adversariorum
972 1135 1165 1198 argumenta·

125 1205 228 1266 tiones
245 1205 304 1266 hac
322 1205 590 1281 praeceptionem
611 1201 754 1266 omnibus
771 1205 909 1280 partibus
921 1213 1071 1281 temptare
1082 1216 1112 1267 et
1124 1208 1166 1267 ab

125 1287 231 1364 aliqua
248 1297 335 1363 parte
346 1288 531 1349 labefactare
541 1287 709 1364 possimus.
739 1287 791 1349 32.
809 1287 971 1368 Expositio
983 1288 1166 1375 vitiosaest,

127 1387 221 1445 quum
237 1371 280 1431 ab
295 1369 400 1447 aliqua
416 1380 468 1431 aut
485 1389 505 1432 a
521 1372 636 1432 maiore
655 1382 742 1447 parte
760 1373 800 1431 ad
818 1386 926 1433 ornnes
945 1373 1101 1434 conlertur
1121 1373 1164 1445 id,

127 1455 211 1529 quod
229 1469 291 1515 non
310 1453 490 1516 necessario
507 1464 555 1516 ost
566 1455 707 1514 omnibus
719 1455 910 1527 attributum
934 1464 966 1516 nt
983 1456 1010 1515 si
1022 1455 1165 1530 quisboc

124 1538 219 1598 modo
230 1545 381 1614 exponatz
404 1536 532 1612 Omnes,
550 1537 601 1614 qui
614 1538 646 1597 in
657 1548 837 1616 paupertate
848 1549 928 1613 sunt
945 1539 1163 1599 maluntmale·

121 1624 193 1685 ficio
200 1620 451 1698 pararedivitlas,
460 1635 552 1694 quam
559 1620 664 1680 oldcio
672 1625 888 1693 paupertatem
894 1622 985 1686 tueri.
997 1622 1030 1681 Si
1039 1620 1160 1695 qnihoc

120 1707 215 1768 modo
237 1704 419 1781 exposuerit
436 1702 748 1779 argumentationem,
768 1707 883 1762 utnon
903 1720 1046 1765 curemus
1066 1721 1158 1778 quae

120 1805 206 1864 rere,
225 1790 325 1864 qualis
337 1789 414 1849 ratio
426 1797 479 1847 aut
488 1787 819 1847 rationis-confirmatio
833 1788 881 1859 sit,
899 1788 999 1860 ipsam
1011 1786 1102 1846 facile
1112 1802 1159 1844 re·

122 1872 348 1945 prehendemus
367 1867 607 1943 expositionem,
626 1883 720 1941 quarn
732 1868 947 1944 ostendemus,
966 1867 1013 1938 id,
1032 1872 1116 1941 quod
1128 1868 1159 1928 in
1258 1892 1266 1906 ··

121 1953 226 2027 aliquo
245 1967 382 2025 paupere
400 1951 540 2025 improbo
559 1949 613 2021 sit,
637 1949 669 2008 in
687 1965 794 2009 omnes
810 1964 964 2023 pauperes
982 1948 1062 2010 salso
1073 1961 1103 2009 et
1114 1951 1160 2010 in·

120 2034 199 2094 iuria
211 2034 352 2093 conferri.
386 2029 524 2093 aaran
536 2031 647 2092 vitiosa
657 2029 822 2106 expostitio
835 2040 891 2103 est,
910 2046 1004 2105 quum
1013 2030 1054 2104 id,
1074 2035 1161 2107 quod

120 2133 191 2178 raro
205 2116 257 2189 fit,
280 2115 347 2176 fieri
366 2113 490 2176 omnino
506 2123 650 2190 negatur,
668 2115 732 2176 hoc
743 2114 852 2175 modo:
866 2115 970 2196 <nemo
980 2123 1086 2188 potest
1097 2133 1160 2178 uno

122 2207 252 2273 aspectu
269 2215 371 2275 neque
388 2199 578 2275 praeteriens
594 2197 779 2283 inmemorem
796 2195 948 2274 incideret
975 2198 1158 2274 Numquam

122 2283 493 2349 nonnemodeveneritin
506 2275 641 2342 amorem
651 2277 870 2355 uncaspectu,
895 2279 925 2342 et
937 2299 1032 2355 quum
1041 2282 1093 2342 ille
1104 2299 1156 2344 ne·

118 2355 231 2415 minem
247 2356 359 2416 dixerit
374 2356 509 2430 omnino,
524 2357 598 2417 nibil
613 2360 752 2420 adfertur
762 2377 833 2422 raro
848 2362 880 2421 id
895 2362 971 2434 lieri,
985 2365 1154 2425 dummodo
1212 2395 1219 2404 .

119 2438 285 2511 aliquando
293 2438 359 2498 lieri
367 2447 420 2499 aut
423 2455 522 2514 posse
534 2443 703 2503 mododeri
715 2443 911 2519 intelligatur.
929 2446 1010 2508 XXI.
1022 2450 1098 2508 Item
1111 2449 1154 2506 vi-

117 2519 198 2580 tiosa
206 2521 361 2594 expositio
374 2530 432 2592 est,
440 2537 533 2597 quum
543 2539 710 2588 omnesres
718 2528 1154 2605 ostendimus'noscollegisse

119 2611 149 2666 et
155 2603 289 2677 aliquam
297 2617 362 2664 rem
376 2605 519 2665 idoneam
525 2610 740 2682 praeterimus,
747 2609 923 2674 hocmodo:
938 2614 1086 2687 Quoniam
1099 2615 1153 2688 igi-

117 2695 168 2750 tur
178 2688 334 2750 hominem
346 2689 482 2749 occistun
495 2705 567 2751 esse
578 2700 711 2765 constat,
723 2710 855 2756 necesse
868 2705 916 2757 est
926 2706 981 2758 aut
992 2715 1011 2757 a
1021 2698 1151 2774 praedo-

117 2771 208 2833 nibus
219 2779 273 2833 aut
284 2773 323 2833 ab
335 2770 463 2834 inieritis
476 2774 613 2835 occisum
625 2785 761 2838 essesut
773 2779 829 2839 abs
843 2787 883 2852 te,
897 2797 988 2856 quem
998 2781 1051 2841 ille
1062 2782 1151 2841 here·

117 2857 187 2915 dem
202 2864 386 2919 testamento
399 2871 438 2918 ex
449 2866 538 2935 parte
550 2858 693 2921 faciebat.
710 2862 888 2925 Praedones
900 2865 931 2924 in
943 2864 994 2925 illo
1007 2867 1078 2923 loco
1090 2865 1152 2925 visi

115 2953 282 3011 numquam
300 2950 381 3013 sunt,
396 2940 550 3004 inimicum
561 2946 680 3005 nullum
692 2944 838 3006 habebat:
854 2947 1044 3023 relinquitur,
1058 2947 1085 3006 si
1097 2963 1150 3007 ne-

116 3034 177 3091 que
187 3035 207 3077 a
216 3022 426 3092 praedonibus
437 3041 541 3102 neque
551 3028 591 3087 ab
604 3027 735 3089 inimicis
747 3029 870 3090 occisus
887 3040 944 3103 est,
958 3031 1044 3106 quod
1057 3030 1147 3090 alteri

114 3115 177 3159 non
197 3107 298 3194 erant,
321 3107 437 3167 alteros
453 3126 515 3168 non
532 3110 682 3183 habebat,
700 3117 735 3173 ut
752 3110 854 3173 abste
878 3113 918 3173 sit
934 3114 1150 3190 interemptus.

114 3182 190 3240 Nam
202 3199 232 3240 m
241 3184 417 3248 huiusmodi
428 3192 624 3264 expositione
633 3193 877 3269 reprehensione
890 3203 1021 3271 utemur,
1034 3199 1150 3273 siquos

114 3269 277 3359 praeterea
288 3283 381 3338 quam
391 3270 443 3330 ille
456 3275 623 3349 collegerit,
635 3279 777 3351 potuisse
789 3278 950 3354 suscipere
964 3281 1150 3341 maleficium

114 3346 358 3421 ostendenmus;
380 3355 510 3414 velutin
526 3357 585 3416 hoc
602 3364 760 3434 exemplo,
778 3377 872 3435 quum
887 3363 1000 3423 dixerit
1014 3380 1149 3424 necesse
