<?xml version="1.0" encoding="UTF-8"?>
<!DOCTYPE html PUBLIC "-//W3C//DTD XHTML 1.0 Transitional//EN"
    "http://www.w3.org/TR/xhtml1/DTD/xhtml1-transitional.dtd">
<html xmlns="http://www.w3.org/1999/xhtml" xml:lang="en" lang="en">
 <head>
  <title>
</title>
<meta http-equiv="Content-Type" content="text/html;charset=utf-8" />
  <meta name='ocr-system' content='tesseract 3.04.00' />
  <meta name='ocr-capabilities' content='ocr_page ocr_carea ocr_par ocr_line ocrx_word'/>
</head>
<body>
  <div class='ocr_page' id='page_1' title='image "./mtulliiciceroni00friegoog/mtulliiciceroni00friegoog_0235.png"; bbox 0 0 2575 3892; ppageno 0'>
   <div class='ocr_carea' id='block_1_1' title="bbox 122 192 1267 282">
    <p class='ocr_par' dir='ltr' id='par_1_1' title="bbox 122 192 1267 282">
     <span class='ocr_line' id='line_1_1' title="bbox 122 192 1267 282; baseline 0.005 -25"><span class='ocrx_word' id='word_1_1' title='bbox 122 209 158 265; x_wconf 75' lang='lat' dir='ltr'><strong>aa</strong></span> <span class='ocrx_word' id='word_1_2' title='bbox 288 198 491 267; x_wconf 73' lang='grc'><strong>1111111111.</strong></span> <span class='ocrx_word' id='word_1_3' title='bbox 511 198 732 261; x_wconf 70' lang='grc'><strong>66164-66.</strong></span> <span class='ocrx_word' id='word_1_4' title='bbox 753 204 950 282; x_wconf 70' lang='grc'><strong>6161-166.</strong></span> <span class='ocrx_word' id='word_1_5' title='bbox 1106 198 1168 263; x_wconf 80' lang='lat'><strong>185</strong></span> <span class='ocrx_word' id='word_1_6' title='bbox 1266 192 1267 251; x_wconf 77' lang='grc' dir='ltr'>ἐ</span> 
     </span>
    </p>
   </div>
   <div class='ocr_carea' id='block_1_2' title="bbox 122 350 1267 762">
    <p class='ocr_par' dir='ltr' id='par_1_2' title="bbox 122 350 1267 762">
     <span class='ocr_line' id='line_1_2' title="bbox 125 350 1267 427; baseline 0.001 -13"><span class='ocrx_word' id='word_1_7' title='bbox 125 352 197 414; x_wconf 88' lang='grc'><strong>105.</strong></span> <span class='ocrx_word' id='word_1_8' title='bbox 213 353 312 425; x_wconf 80' lang='lat' dir='ltr'>Quare</span> <span class='ocrx_word' id='word_1_9' title='bbox 334 350 395 410; x_wconf 93' lang='lat' dir='ltr'><strong>hoc</strong></span> <span class='ocrx_word' id='word_1_10' title='bbox 415 364 531 424; x_wconf 84' lang='lat' dir='ltr'><strong>genus,</strong></span> <span class='ocrx_word' id='word_1_11' title='bbox 558 364 744 426; x_wconf 88' lang='lat' dir='ltr'><strong>quamquam</strong></span> <span class='ocrx_word' id='word_1_12' title='bbox 758 350 788 408; x_wconf 93' lang='grc'><strong>111</strong></span> <span class='ocrx_word' id='word_1_13' title='bbox 803 350 925 412; x_wconf 85' lang='lat' dir='ltr'><strong>iudiciis</strong></span> <span class='ocrx_word' id='word_1_14' title='bbox 941 370 1003 413; x_wconf 93' lang='lat' dir='ltr'><strong>non</strong></span> <span class='ocrx_word' id='word_1_15' title='bbox 1019 361 1169 427; x_wconf 87' lang='lat' dir='ltr'><strong>versatur,</strong></span> <span class='ocrx_word' id='word_1_16' title='bbox 1266 380 1267 427; x_wconf 86' lang='lat'>1</span> 
     </span>
     <span class='ocr_line' id='line_1_3' title="bbox 124 433 1267 512; baseline 0.002 -16"><span class='ocrx_word' id='word_1_17' title='bbox 124 436 185 509; x_wconf 84' lang='lat' dir='ltr'><strong>nisi</strong></span> <span class='ocrx_word' id='word_1_18' title='bbox 207 436 341 511; x_wconf 87' lang='lat' dir='ltr'><strong>quadam</strong></span> <span class='ocrx_word' id='word_1_19' title='bbox 356 450 396 493; x_wconf 89' lang='lat' dir='ltr'><strong>cx</strong></span> <span class='ocrx_word' id='word_1_20' title='bbox 409 441 513 509; x_wconf 88' lang='lat' dir='ltr'><strong>parte,</strong></span> <span class='ocrx_word' id='word_1_21' title='bbox 538 441 657 507; x_wconf 90' lang='lat' dir='ltr'><strong>lamen,</strong></span> <span class='ocrx_word' id='word_1_22' title='bbox 683 433 755 508; x_wconf 89' lang='lat' dir='ltr'><strong>quia</strong></span> <span class='ocrx_word' id='word_1_23' title='bbox 770 441 800 494; x_wconf 89' lang='lat' dir='ltr'><strong>et</strong></span> <span class='ocrx_word' id='word_1_24' title='bbox 814 451 889 509; x_wconf 90' lang='lat' dir='ltr'><strong>pars</strong></span> <span class='ocrx_word' id='word_1_25' title='bbox 904 434 981 497; x_wconf 89' lang='lat' dir='ltr'><strong>haec</strong></span> <span class='ocrx_word' id='word_1_26' title='bbox 996 437 1067 512; x_wconf 88' lang='lat' dir='ltr'><strong>ipsa</strong></span> <span class='ocrx_word' id='word_1_27' title='bbox 1082 437 1170 498; x_wconf 91' lang='lat' dir='ltr'><strong>indu·</strong></span> <span class='ocrx_word' id='word_1_28' title='bbox 1266 464 1267 505; x_wconf 71' lang='grc' dir='ltr'><strong>ς</strong></span> 
     </span>
     <span class='ocr_line' id='line_1_4' title="bbox 124 516 1267 597; baseline 0.002 -16"><span class='ocrx_word' id='word_1_29' title='bbox 124 519 225 581; x_wconf 74' lang='lat' dir='ltr'><strong>&#39;aenda</strong></span> <span class='ocrx_word' id='word_1_30' title='bbox 246 533 478 592; x_wconf 81' lang='lat' dir='ltr'>nonnumquam</span> <span class='ocrx_word' id='word_1_31' title='bbox 500 525 548 577; x_wconf 88' lang='lat' dir='ltr'><strong>est</strong></span> <span class='ocrx_word' id='word_1_32' title='bbox 568 525 599 578; x_wconf 91' lang='lat' dir='ltr'><strong>et</strong></span> <span class='ocrx_word' id='word_1_33' title='bbox 618 518 649 576; x_wconf 94' lang='grc'><strong>111</strong></span> <span class='ocrx_word' id='word_1_34' title='bbox 671 528 780 578; x_wconf 88' lang='lat' dir='ltr'><strong>senatu</strong></span> <span class='ocrx_word' id='word_1_35' title='bbox 801 516 905 578; x_wconf 90' lang='lat' dir='ltr'><strong>autin</strong></span> <span class='ocrx_word' id='word_1_36' title='bbox 926 520 1057 581; x_wconf 90' lang='lat' dir='ltr'><strong>consilio</strong></span> <span class='ocrx_word' id='word_1_37' title='bbox 1073 537 1170 597; x_wconf 88' lang='lat' dir='ltr'><strong>saepe</strong></span> <span class='ocrx_word' id='word_1_38' title='bbox 1266 528 1267 535; x_wconf 77' lang='grc'>’</span> 
     </span>
     <span class='ocr_line' id='line_1_5' title="bbox 124 601 1267 677; baseline 0.001 -13"><span class='ocrx_word' id='word_1_39' title='bbox 124 603 208 664; x_wconf 92' lang='lat' dir='ltr'><strong>omni</strong></span> <span class='ocrx_word' id='word_1_40' title='bbox 222 603 253 661; x_wconf 90' lang='lat' dir='ltr'><strong>in</strong></span> <span class='ocrx_word' id='word_1_41' title='bbox 269 616 383 676; x_wconf 83' lang='lat' dir='ltr'><strong>genere</strong></span> <span class='ocrx_word' id='word_1_42' title='bbox 397 601 566 673; x_wconf 86' lang='lat' dir='ltr'><strong>tractanda,</strong></span> <span class='ocrx_word' id='word_1_43' title='bbox 587 601 619 660; x_wconf 92' lang='lat' dir='ltr'><strong>in</strong></span> <span class='ocrx_word' id='word_1_44' title='bbox 634 602 668 661; x_wconf 91' lang='lat' dir='ltr'><strong>id</strong></span> <span class='ocrx_word' id='word_1_45' title='bbox 684 617 808 677; x_wconf 92' lang='lat' dir='ltr'><strong>quoque</strong></span> <span class='ocrx_word' id='word_1_46' title='bbox 824 610 992 676; x_wconf 87' lang='lat' dir='ltr'><strong>praecepta</strong></span> <span class='ocrx_word' id='word_1_47' title='bbox 1006 619 1170 677; x_wconf 87' lang='lat' dir='ltr'><strong>ponemus.</strong></span> <span class='ocrx_word' id='word_1_48' title='bbox 1266 660 1267 671; x_wconf 71' lang='grc'>,</span> 
     </span>
     <span class='ocr_line' id='line_1_6' title="bbox 122 684 1267 762; baseline 0.002 -15"><span class='ocrx_word' id='word_1_49' title='bbox 122 689 199 747; x_wconf 90' lang='lat' dir='ltr'><strong>Nam</strong></span> <span class='ocrx_word' id='word_1_50' title='bbox 214 685 245 744; x_wconf 91' lang='lat' dir='ltr'><strong>in</strong></span> <span class='ocrx_word' id='word_1_51' title='bbox 261 694 370 746; x_wconf 88' lang='lat' dir='ltr'><strong>senatu</strong></span> <span class='ocrx_word' id='word_1_52' title='bbox 377 694 430 747; x_wconf 90' lang='lat' dir='ltr'><strong>aut</strong></span> <span class='ocrx_word' id='word_1_53' title='bbox 440 685 471 745; x_wconf 93' lang='lat' dir='ltr'><strong>in</strong></span> <span class='ocrx_word' id='word_1_54' title='bbox 479 684 608 746; x_wconf 87' lang='lat' dir='ltr'><strong>consilio</strong></span> <span class='ocrx_word' id='word_1_55' title='bbox 617 685 657 744; x_wconf 91' lang='lat' dir='ltr'><strong>de</strong></span> <span class='ocrx_word' id='word_1_56' title='bbox 668 684 815 762; x_wconf 81' lang='lat' dir='ltr'>Syphace</span> <span class='ocrx_word' id='word_1_57' title='bbox 827 684 880 745; x_wconf 88' lang='lat' dir='ltr'><strong>diu</strong></span> <span class='ocrx_word' id='word_1_58' title='bbox 891 685 1092 753; x_wconf 86' lang='lat' dir='ltr'><strong>deliberatum</strong></span> <span class='ocrx_word' id='word_1_59' title='bbox 1105 697 1168 758; x_wconf 84' lang='lat' dir='ltr'><strong>est;</strong></span> <span class='ocrx_word' id='word_1_60' title='bbox 1266 756 1267 759; x_wconf 8' lang='grc' dir='ltr'><strong>Ἴ</strong></span> 
     </span>
    </p>
   </div>
   <div class='ocr_carea' id='block_1_3' title="bbox 124 767 1171 928">
    <p class='ocr_par' dir='ltr' id='par_1_3' title="bbox 124 767 1171 928">
     <span class='ocr_line' id='line_1_7' title="bbox 124 767 1171 844; baseline 0.001 -15"><span class='ocrx_word' id='word_1_61' title='bbox 124 779 155 830; x_wconf 90' lang='grc'><strong>61</strong></span> <span class='ocrx_word' id='word_1_62' title='bbox 175 771 214 829; x_wconf 88' lang='lat' dir='ltr'><strong>de</strong></span> <span class='ocrx_word' id='word_1_63' title='bbox 230 769 448 842; x_wconf 68' lang='lat' dir='ltr'><strong>eremitorio</strong></span> <span class='ocrx_word' id='word_1_64' title='bbox 463 769 549 829; x_wconf 87' lang='lat' dir='ltr'><strong>Pullo</strong></span> <span class='ocrx_word' id='word_1_65' title='bbox 564 770 647 843; x_wconf 86' lang='lat' dir='ltr'><strong>apud</strong></span> <span class='ocrx_word' id='word_1_66' title='bbox 662 769 696 828; x_wconf 92' lang='lat' dir='ltr'><strong>L.</strong></span> <span class='ocrx_word' id='word_1_67' title='bbox 712 767 864 844; x_wconf 84' lang='lat' dir='ltr'><strong>Opimium</strong></span> <span class='ocrx_word' id='word_1_68' title='bbox 879 768 992 830; x_wconf 88' lang='lat' dir='ltr'><strong>eteius</strong></span> <span class='ocrx_word' id='word_1_69' title='bbox 1008 770 1171 830; x_wconf 90' lang='lat' dir='ltr'><strong>consilium</strong></span> 
     </span>
     <span class='ocr_line' id='line_1_8' title="bbox 124 851 1171 928; baseline 0 -16"><span class='ocrx_word' id='word_1_70' title='bbox 124 853 177 913; x_wconf 89' lang='lat' dir='ltr'><strong>diu</strong></span> <span class='ocrx_word' id='word_1_71' title='bbox 199 853 314 913; x_wconf 90' lang='lat' dir='ltr'><strong>dictum</strong></span> <span class='ocrx_word' id='word_1_72' title='bbox 335 861 392 913; x_wconf 90' lang='lat' dir='ltr'><strong>est.</strong></span> <span class='ocrx_word' id='word_1_73' title='bbox 428 853 468 913; x_wconf 86' lang='lat' dir='ltr'><strong>Et</strong></span> <span class='ocrx_word' id='word_1_74' title='bbox 487 851 586 927; x_wconf 82' lang='lat' dir='ltr'><strong>magis</strong></span> <span class='ocrx_word' id='word_1_75' title='bbox 608 852 639 912; x_wconf 92' lang='lat' dir='ltr'><strong>in</strong></span> <span class='ocrx_word' id='word_1_76' title='bbox 660 852 720 926; x_wconf 85' lang='lat' dir='ltr'><strong>hoc</strong></span> <span class='ocrx_word' id='word_1_77' title='bbox 738 851 867 928; x_wconf 90' lang='lat' dir='ltr'><strong>quidem</strong></span> <span class='ocrx_word' id='word_1_78' title='bbox 877 851 1063 928; x_wconf 81' lang='lat' dir='ltr'><strong>ignoscendi</strong></span> <span class='ocrx_word' id='word_1_79' title='bbox 1078 870 1171 928; x_wconf 89' lang='lat' dir='ltr'><strong>quam</strong></span> 
     </span>
    </p>
   </div>
   <div class='ocr_carea' id='block_1_4' title="bbox 125 935 1267 1011">
    <p class='ocr_par' dir='ltr' id='par_1_4' title="bbox 125 935 1267 1011">
     <span class='ocr_line' id='line_1_9' title="bbox 125 935 1267 1011; baseline 0.002 -15"><span class='ocrx_word' id='word_1_80' title='bbox 125 935 338 1010; x_wconf 81' lang='lat' dir='ltr'><strong>cognoscendi</strong></span> <span class='ocrx_word' id='word_1_81' title='bbox 358 935 526 1010; x_wconf 84' lang='lat' dir='ltr'><strong>postulatio</strong></span> <span class='ocrx_word' id='word_1_82' title='bbox 548 936 651 996; x_wconf 88' lang='lat' dir='ltr'><strong>valuit.</strong></span> <span class='ocrx_word' id='word_1_83' title='bbox 687 937 765 996; x_wconf 88' lang='lat' dir='ltr'><strong>Nam</strong></span> <span class='ocrx_word' id='word_1_84' title='bbox 780 952 904 1011; x_wconf 87' lang='lat' dir='ltr'><strong>sempor</strong></span> <span class='ocrx_word' id='word_1_85' title='bbox 918 937 1021 998; x_wconf 90' lang='lat' dir='ltr'><strong>animo</strong></span> <span class='ocrx_word' id='word_1_86' title='bbox 1036 938 1119 999; x_wconf 93' lang='lat' dir='ltr'><strong>bono</strong></span> <span class='ocrx_word' id='word_1_87' title='bbox 1135 953 1171 998; x_wconf 89' lang='grc'><strong>66</strong></span> <span class='ocrx_word' id='word_1_88' title='bbox 1266 960 1267 977; x_wconf 67' lang='lat'>2</span> 
     </span>
    </p>
   </div>
   <div class='ocr_carea' id='block_1_5' title="bbox 123 1018 1171 1100">
    <p class='ocr_par' dir='ltr' id='par_1_5' title="bbox 123 1018 1171 1100">
     <span class='ocr_line' id='line_1_10' title="bbox 123 1018 1171 1100; baseline 0.001 -22"><span class='ocrx_word' id='word_1_89' title='bbox 123 1019 156 1078; x_wconf 92' lang='lat' dir='ltr'><strong>in</strong></span> <span class='ocrx_word' id='word_1_90' title='bbox 170 1022 321 1100; x_wconf 90' lang='lat' dir='ltr'><strong>populum</strong></span> <span class='ocrx_word' id='word_1_91' title='bbox 334 1020 507 1080; x_wconf 88' lang='lat' dir='ltr'><strong>Romanum</strong></span> <span class='ocrx_word' id='word_1_92' title='bbox 522 1018 620 1080; x_wconf 88' lang='lat' dir='ltr'><strong>fuisse</strong></span> <span class='ocrx_word' id='word_1_93' title='bbox 634 1036 698 1081; x_wconf 92' lang='lat' dir='ltr'><strong>non</strong></span> <span class='ocrx_word' id='word_1_94' title='bbox 712 1029 773 1080; x_wconf 85' lang='lat' dir='ltr'><strong>tam</strong></span> <span class='ocrx_word' id='word_1_95' title='bbox 789 1020 878 1080; x_wconf 86' lang='lat' dir='ltr'><strong>facile</strong></span> <span class='ocrx_word' id='word_1_96' title='bbox 892 1021 1053 1096; x_wconf 73' lang='lat' dir='ltr'>probabat,</span> <span class='ocrx_word' id='word_1_97' title='bbox 1077 1035 1171 1096; x_wconf 91' lang='lat' dir='ltr'><strong>quum</strong></span> 
     </span>
    </p>
   </div>
   <div class='ocr_carea' id='block_1_6' title="bbox 125 1101 1267 1180">
    <p class='ocr_par' dir='ltr' id='par_1_6' title="bbox 125 1101 1267 1180">
     <span class='ocr_line' id='line_1_11' title="bbox 125 1101 1267 1180; baseline 0.002 -18"><span class='ocrx_word' id='word_1_98' title='bbox 125 1102 324 1165; x_wconf 85' lang='lat' dir='ltr'><strong>coniecturali</strong></span> <span class='ocrx_word' id='word_1_99' title='bbox 335 1101 553 1163; x_wconf 89' lang='lat' dir='ltr'><strong>constitutione</strong></span> <span class='ocrx_word' id='word_1_100' title='bbox 563 1111 709 1176; x_wconf 90' lang='lat' dir='ltr'><strong>uteretur,</strong></span> <span class='ocrx_word' id='word_1_101' title='bbox 726 1120 819 1179; x_wconf 89' lang='lat' dir='ltr'><strong>quam</strong></span> <span class='ocrx_word' id='word_1_102' title='bbox 830 1114 864 1165; x_wconf 88' lang='lat' dir='ltr'><strong>ut</strong></span> <span class='ocrx_word' id='word_1_103' title='bbox 875 1113 1003 1180; x_wconf 87' lang='lat' dir='ltr'><strong>propter</strong></span> <span class='ocrx_word' id='word_1_104' title='bbox 1013 1104 1171 1179; x_wconf 77' lang='lat' dir='ltr'><strong>posterius</strong></span> <span class='ocrx_word' id='word_1_105' title='bbox 1266 1138 1267 1143; x_wconf 22' lang='grc' dir='ltr'><strong>κ</strong></span> 
     </span>
    </p>
   </div>
   <div class='ocr_carea' id='block_1_7' title="bbox 122 1186 1171 1347">
    <p class='ocr_par' dir='ltr' id='par_1_7' title="bbox 122 1186 1171 1347">
     <span class='ocr_line' id='line_1_12' title="bbox 122 1186 1171 1264; baseline 0 -18"><span class='ocrx_word' id='word_1_106' title='bbox 122 1186 310 1247; x_wconf 85' lang='lat' dir='ltr'><strong>beneficium</strong></span> <span class='ocrx_word' id='word_1_107' title='bbox 324 1186 382 1246; x_wconf 92' lang='lat' dir='ltr'><strong>sibi</strong></span> <span class='ocrx_word' id='word_1_108' title='bbox 396 1187 618 1261; x_wconf 76' lang='lat' dir='ltr'><strong>ignosceretur,</strong></span> <span class='ocrx_word' id='word_1_109' title='bbox 642 1204 737 1263; x_wconf 88' lang='lat' dir='ltr'><strong>quum</strong></span> <span class='ocrx_word' id='word_1_110' title='bbox 752 1188 983 1263; x_wconf 81' lang='lat' dir='ltr'><strong>deprecationis</strong></span> <span class='ocrx_word' id='word_1_111' title='bbox 996 1196 1102 1264; x_wconf 89' lang='lat' dir='ltr'><strong>partes</strong></span> <span class='ocrx_word' id='word_1_112' title='bbox 1117 1188 1171 1246; x_wconf 88' lang='lat' dir='ltr'><strong>ad·</strong></span> 
     </span>
     <span class='ocr_line' id='line_1_13' title="bbox 122 1267 1170 1347; baseline 0.002 -19"><span class='ocrx_word' id='word_1_113' title='bbox 122 1270 272 1346; x_wconf 82' lang='lat' dir='ltr'><strong>iungeret.</strong></span> <span class='ocrx_word' id='word_1_114' title='bbox 292 1271 413 1329; x_wconf 88' lang='lat' dir='ltr'>XXXV.</span> <span class='ocrx_word' id='word_1_115' title='bbox 437 1267 508 1331; x_wconf 89' lang='grc'><strong>106.</strong></span> <span class='ocrx_word' id='word_1_116' title='bbox 526 1269 685 1346; x_wconf 85' lang='lat' dir='ltr'><strong>Oportebit</strong></span> <span class='ocrx_word' id='word_1_117' title='bbox 698 1270 790 1346; x_wconf 78' lang='lat' dir='ltr'><strong>igitur</strong></span> <span class='ocrx_word' id='word_1_118' title='bbox 805 1288 884 1345; x_wconf 91' lang='lat' dir='ltr'><strong>eum,</strong></span> <span class='ocrx_word' id='word_1_119' title='bbox 900 1271 954 1347; x_wconf 90' lang='lat' dir='ltr'><strong>qui</strong></span> <span class='ocrx_word' id='word_1_120' title='bbox 969 1271 1029 1332; x_wconf 88' lang='lat' dir='ltr'><strong>sibi</strong></span> <span class='ocrx_word' id='word_1_121' title='bbox 1040 1272 1170 1346; x_wconf 79' lang='lat' dir='ltr'><strong>utigno</strong></span> 
     </span>
    </p>
   </div>
   <div class='ocr_carea' id='block_1_8' title="bbox 122 1353 1267 1513">
    <p class='ocr_par' dir='ltr' id='par_1_8' title="bbox 122 1353 1267 1513">
     <span class='ocr_line' id='line_1_14' title="bbox 122 1353 1267 1439; baseline 0 -25"><span class='ocrx_word' id='word_1_122' title='bbox 122 1362 241 1427; x_wconf 83' lang='lat' dir='ltr'><strong>scatur,</strong></span> <span class='ocrx_word' id='word_1_123' title='bbox 261 1353 445 1429; x_wconf 72' lang='lat' dir='ltr'><strong>postulabit,</strong></span> <span class='ocrx_word' id='word_1_124' title='bbox 467 1370 725 1429; x_wconf 87' lang='lat' dir='ltr'><strong>commemorare,</strong></span> <span class='ocrx_word' id='word_1_125' title='bbox 746 1355 774 1416; x_wconf 90' lang='lat' dir='ltr'><strong>si</strong></span> <span class='ocrx_word' id='word_1_126' title='bbox 795 1370 857 1432; x_wconf 95' lang='lat' dir='ltr'><strong>qua</strong></span> <span class='ocrx_word' id='word_1_127' title='bbox 872 1372 929 1416; x_wconf 89' lang='lat' dir='ltr'><strong>sua</strong></span> <span class='ocrx_word' id='word_1_128' title='bbox 943 1357 1058 1432; x_wconf 88' lang='lat' dir='ltr'><strong>poterit</strong></span> <span class='ocrx_word' id='word_1_129' title='bbox 1076 1356 1169 1416; x_wconf 82' lang='lat' dir='ltr'><strong>bene-</strong></span> <span class='ocrx_word' id='word_1_130' title='bbox 1266 1392 1267 1439; x_wconf 72' lang='lat'><em>3</em></span> 
     </span>
     <span class='ocr_line' id='line_1_15' title="bbox 123 1436 1169 1513; baseline 0.003 -19"><span class='ocrx_word' id='word_1_131' title='bbox 123 1437 195 1495; x_wconf 88' lang='lat' dir='ltr'><strong>ficia</strong></span> <span class='ocrx_word' id='word_1_132' title='bbox 216 1445 261 1508; x_wconf 91' lang='lat' dir='ltr'><strong>et,</strong></span> <span class='ocrx_word' id='word_1_133' title='bbox 286 1437 313 1496; x_wconf 91' lang='lat' dir='ltr'><strong>si</strong></span> <span class='ocrx_word' id='word_1_134' title='bbox 333 1436 460 1510; x_wconf 90' lang='lat' dir='ltr'><strong>poterit,</strong></span> <span class='ocrx_word' id='word_1_135' title='bbox 487 1439 654 1498; x_wconf 86' lang='lat' dir='ltr'><strong>ostendere</strong></span> <span class='ocrx_word' id='word_1_136' title='bbox 675 1455 713 1497; x_wconf 87' lang='grc'><strong>66</strong></span> <span class='ocrx_word' id='word_1_137' title='bbox 726 1438 844 1503; x_wconf 88' lang='lat' dir='ltr'><strong>maiora</strong></span> <span class='ocrx_word' id='word_1_138' title='bbox 858 1455 946 1510; x_wconf 88' lang='lat' dir='ltr'><strong>esse,</strong></span> <span class='ocrx_word' id='word_1_139' title='bbox 975 1455 1067 1513; x_wconf 88' lang='lat' dir='ltr'><strong>quam</strong></span> <span class='ocrx_word' id='word_1_140' title='bbox 1081 1440 1169 1511; x_wconf 88' lang='lat' dir='ltr'><strong>haec,</strong></span> 
     </span>
    </p>
   </div>
   <div class='ocr_carea' id='block_1_9' title="bbox 125 1519 1170 1596">
    <p class='ocr_par' dir='ltr' id='par_1_9' title="bbox 125 1519 1170 1596">
     <span class='ocr_line' id='line_1_16' title="bbox 125 1519 1170 1596; baseline 0 -19"><span class='ocrx_word' id='word_1_141' title='bbox 125 1535 206 1593; x_wconf 90' lang='lat' dir='ltr'><strong>quae</strong></span> <span class='ocrx_word' id='word_1_142' title='bbox 226 1519 405 1592; x_wconf 86' lang='lat' dir='ltr'><strong>deliquerit,</strong></span> <span class='ocrx_word' id='word_1_143' title='bbox 429 1526 464 1578; x_wconf 88' lang='lat' dir='ltr'><strong>ut</strong></span> <span class='ocrx_word' id='word_1_144' title='bbox 483 1519 554 1593; x_wconf 91' lang='lat' dir='ltr'><strong>plus</strong></span> <span class='ocrx_word' id='word_1_145' title='bbox 573 1522 613 1580; x_wconf 91' lang='lat' dir='ltr'><strong>ab</strong></span> <span class='ocrx_word' id='word_1_146' title='bbox 635 1537 673 1579; x_wconf 94' lang='lat' dir='ltr'><strong>eo</strong></span> <span class='ocrx_word' id='word_1_147' title='bbox 694 1521 770 1578; x_wconf 90' lang='lat' dir='ltr'><strong>boni</strong></span> <span class='ocrx_word' id='word_1_148' title='bbox 790 1537 882 1595; x_wconf 89' lang='lat' dir='ltr'><strong>quam</strong></span> <span class='ocrx_word' id='word_1_149' title='bbox 903 1521 975 1579; x_wconf 92' lang='lat' dir='ltr'><strong>mali</strong></span> <span class='ocrx_word' id='word_1_150' title='bbox 997 1524 1170 1596; x_wconf 85' lang='lat' dir='ltr'><strong>profectum</strong></span> 
     </span>
    </p>
   </div>
   <div class='ocr_carea' id='block_1_10' title="bbox 125 1599 1267 1677">
    <p class='ocr_par' dir='ltr' id='par_1_10' title="bbox 125 1599 1267 1677">
     <span class='ocr_line' id='line_1_17' title="bbox 125 1599 1267 1677; baseline -0.002 -15"><span class='ocrx_word' id='word_1_151' title='bbox 125 1617 197 1662; x_wconf 88' lang='lat' dir='ltr'><strong>esse</strong></span> <span class='ocrx_word' id='word_1_152' title='bbox 212 1599 367 1670; x_wconf 62' lang='lat' dir='ltr'><strong>videntum</strong></span> <span class='ocrx_word' id='word_1_153' title='bbox 383 1600 496 1660; x_wconf 85' lang='lat' dir='ltr'><strong>deinde</strong></span> <span class='ocrx_word' id='word_1_154' title='bbox 511 1600 662 1662; x_wconf 88' lang='lat' dir='ltr'><strong>maiorum</strong></span> <span class='ocrx_word' id='word_1_155' title='bbox 676 1618 803 1663; x_wconf 92' lang='lat' dir='ltr'><strong>suorum</strong></span> <span class='ocrx_word' id='word_1_156' title='bbox 816 1601 978 1675; x_wconf 89' lang='lat' dir='ltr'><strong>beneficia,</strong></span> <span class='ocrx_word' id='word_1_157' title='bbox 995 1603 1101 1677; x_wconf 86' lang='lat' dir='ltr'><strong>siqua</strong></span> <span class='ocrx_word' id='word_1_158' title='bbox 1116 1620 1169 1664; x_wconf 85' lang='lat' dir='ltr'><strong>ex·</strong></span> <span class='ocrx_word' id='word_1_159' title='bbox 1266 1618 1267 1621; x_wconf 44' lang='lat'>¹</span> 
     </span>
    </p>
   </div>
   <div class='ocr_carea' id='block_1_11' title="bbox 125 1684 1169 1765">
    <p class='ocr_par' dir='ltr' id='par_1_11' title="bbox 125 1684 1169 1765">
     <span class='ocr_line' id='line_1_18' title="bbox 125 1684 1169 1765; baseline 0 -19"><span class='ocrx_word' id='word_1_160' title='bbox 125 1686 263 1757; x_wconf 86' lang='lat' dir='ltr'><strong>stabunt,</strong></span> <span class='ocrx_word' id='word_1_161' title='bbox 285 1686 442 1759; x_wconf 85' lang='lat' dir='ltr'><strong>prolerre;</strong></span> <span class='ocrx_word' id='word_1_162' title='bbox 467 1684 580 1743; x_wconf 88' lang='lat' dir='ltr'><strong>deinde</strong></span> <span class='ocrx_word' id='word_1_163' title='bbox 595 1685 761 1745; x_wconf 84' lang='lat' dir='ltr'><strong>ostendere</strong></span> <span class='ocrx_word' id='word_1_164' title='bbox 774 1703 837 1745; x_wconf 93' lang='lat' dir='ltr'><strong>non</strong></span> <span class='ocrx_word' id='word_1_165' title='bbox 854 1686 925 1746; x_wconf 90' lang='lat' dir='ltr'><strong>odio</strong></span> <span class='ocrx_word' id='word_1_166' title='bbox 942 1703 1045 1765; x_wconf 90' lang='lat' dir='ltr'><strong>neque</strong></span> <span class='ocrx_word' id='word_1_167' title='bbox 1060 1688 1169 1746; x_wconf 88' lang='lat' dir='ltr'><strong>crude-</strong></span> 
     </span>
    </p>
   </div>
   <div class='ocr_carea' id='block_1_12' title="bbox 125 1766 1267 1927">
    <p class='ocr_par' dir='ltr' id='par_1_12' title="bbox 125 1766 1267 1927">
     <span class='ocr_line' id='line_1_19' title="bbox 125 1766 1267 1843; baseline 0 -17"><span class='ocrx_word' id='word_1_168' title='bbox 125 1769 207 1828; x_wconf 80' lang='lat' dir='ltr'><strong>litate</strong></span> <span class='ocrx_word' id='word_1_169' title='bbox 223 1767 337 1827; x_wconf 87' lang='lat' dir='ltr'><strong>iecisse</strong></span> <span class='ocrx_word' id='word_1_170' title='bbox 376 1768 461 1841; x_wconf 92' lang='lat' dir='ltr'><strong>quod</strong></span> <span class='ocrx_word' id='word_1_171' title='bbox 476 1766 598 1840; x_wconf 85' lang='lat' dir='ltr'><strong>feccrit,</strong></span> <span class='ocrx_word' id='word_1_172' title='bbox 619 1769 677 1827; x_wconf 91' lang='lat' dir='ltr'><strong>sed</strong></span> <span class='ocrx_word' id='word_1_173' title='bbox 692 1776 744 1828; x_wconf 90' lang='lat' dir='ltr'><strong>aut</strong></span> <span class='ocrx_word' id='word_1_174' title='bbox 758 1768 885 1829; x_wconf 87' lang='lat' dir='ltr'><strong>stultitia</strong></span> <span class='ocrx_word' id='word_1_175' title='bbox 900 1776 952 1828; x_wconf 88' lang='lat' dir='ltr'><strong>aut</strong></span> <span class='ocrx_word' id='word_1_176' title='bbox 965 1769 1101 1843; x_wconf 90' lang='lat' dir='ltr'><strong>impulsu</strong></span> <span class='ocrx_word' id='word_1_177' title='bbox 1115 1767 1170 1827; x_wconf 90' lang='lat' dir='ltr'><strong>ali-</strong></span> <span class='ocrx_word' id='word_1_178' title='bbox 1266 1792 1267 1813; x_wconf 75' lang='lat'>1</span> 
     </span>
     <span class='ocr_line' id='line_1_20' title="bbox 125 1849 1267 1927; baseline -0.002 -17"><span class='ocrx_word' id='word_1_179' title='bbox 125 1851 213 1911; x_wconf 92' lang='lat' dir='ltr'><strong>cuius</strong></span> <span class='ocrx_word' id='word_1_180' title='bbox 225 1858 278 1910; x_wconf 92' lang='lat' dir='ltr'><strong>aut</strong></span> <span class='ocrx_word' id='word_1_181' title='bbox 291 1849 396 1924; x_wconf 89' lang='lat' dir='ltr'><strong>aliqua</strong></span> <span class='ocrx_word' id='word_1_182' title='bbox 409 1850 541 1910; x_wconf 90' lang='lat' dir='ltr'><strong>honesta</strong></span> <span class='ocrx_word' id='word_1_183' title='bbox 555 1858 607 1911; x_wconf 91' lang='lat' dir='ltr'><strong>aut</strong></span> <span class='ocrx_word' id='word_1_184' title='bbox 616 1849 770 1926; x_wconf 85' lang='lat' dir='ltr'><strong>probabili</strong></span> <span class='ocrx_word' id='word_1_185' title='bbox 781 1866 892 1921; x_wconf 82' lang='lat' dir='ltr'><strong>causa;</strong></span> <span class='ocrx_word' id='word_1_186' title='bbox 906 1858 1019 1925; x_wconf 89' lang='lat' dir='ltr'><strong>postea</strong></span> <span class='ocrx_word' id='word_1_187' title='bbox 1029 1850 1169 1927; x_wconf 90' lang='lat' dir='ltr'><strong>polliceri</strong></span> <span class='ocrx_word' id='word_1_188' title='bbox 1266 1850 1267 1873; x_wconf 69' lang='lat'>³</span> 
     </span>
    </p>
   </div>
   <div class='ocr_carea' id='block_1_13' title="bbox 123 1932 1225 2178">
    <p class='ocr_par' dir='ltr' id='par_1_13' title="bbox 123 1932 1225 2178">
     <span class='ocr_line' id='line_1_21' title="bbox 124 1932 1167 2008; baseline -0.003 -13"><span class='ocrx_word' id='word_1_189' title='bbox 124 1942 154 1995; x_wconf 89' lang='lat' dir='ltr'><strong>et</strong></span> <span class='ocrx_word' id='word_1_190' title='bbox 175 1934 357 1994; x_wconf 87' lang='lat' dir='ltr'><strong>confirmare</strong></span> <span class='ocrx_word' id='word_1_191' title='bbox 379 1948 415 1992; x_wconf 89' lang='lat' dir='ltr'><strong>se</strong></span> <span class='ocrx_word' id='word_1_192' title='bbox 436 1941 466 1993; x_wconf 90' lang='lat' dir='ltr'><strong>et</strong></span> <span class='ocrx_word' id='word_1_193' title='bbox 479 1932 540 1992; x_wconf 87' lang='lat' dir='ltr'><strong>hoc</strong></span> <span class='ocrx_word' id='word_1_194' title='bbox 555 1942 686 2008; x_wconf 86' lang='lat' dir='ltr'><strong>peccato</strong></span> <span class='ocrx_word' id='word_1_195' title='bbox 700 1934 824 1994; x_wconf 87' lang='lat' dir='ltr'><strong>doctum</strong></span> <span class='ocrx_word' id='word_1_196' title='bbox 839 1944 869 1994; x_wconf 91' lang='lat' dir='ltr'><strong>et</strong></span> <span class='ocrx_word' id='word_1_197' title='bbox 882 1934 1035 1995; x_wconf 87' lang='lat' dir='ltr'><strong>beneficio</strong></span> <span class='ocrx_word' id='word_1_198' title='bbox 1052 1951 1167 2006; x_wconf 89' lang='lat' dir='ltr'><strong>eorum,</strong></span> 
     </span>
     <span class='ocr_line' id='line_1_22' title="bbox 125 2017 1225 2093; baseline -0.002 -16"><span class='ocrx_word' id='word_1_199' title='bbox 125 2017 177 2093; x_wconf 91' lang='lat' dir='ltr'><strong>qui</strong></span> <span class='ocrx_word' id='word_1_200' title='bbox 193 2017 252 2076; x_wconf 90' lang='lat' dir='ltr'><strong>sibi</strong></span> <span class='ocrx_word' id='word_1_201' title='bbox 265 2017 450 2092; x_wconf 81' lang='lat' dir='ltr'><strong>ignoverint,</strong></span> <span class='ocrx_word' id='word_1_202' title='bbox 465 2017 686 2090; x_wconf 86' lang='lat' dir='ltr'><strong>confirmatum,</strong></span> <span class='ocrx_word' id='word_1_203' title='bbox 702 2018 938 2093; x_wconf 86' lang='lat' dir='ltr'><strong>omnitempore</strong></span> <span class='ocrx_word' id='word_1_204' title='bbox 953 2035 972 2078; x_wconf 91' lang='lat' dir='ltr'><strong>a</strong></span> <span class='ocrx_word' id='word_1_205' title='bbox 985 2017 1037 2078; x_wconf 87' lang='lat' dir='ltr'><strong>tali</strong></span> <span class='ocrx_word' id='word_1_206' title='bbox 1048 2017 1168 2079; x_wconf 88' lang='lat' dir='ltr'><strong>ratione</strong></span> <span class='ocrx_word' id='word_1_207' title='bbox 1222 2069 1225 2075; x_wconf 91' lang='lat'><em>.</em></span> 
     </span>
     <span class='ocr_line' id='line_1_23' title="bbox 123 2098 1169 2178; baseline 0 -17"><span class='ocrx_word' id='word_1_208' title='bbox 123 2104 294 2170; x_wconf 83' lang='lat' dir='ltr'><strong>afuturum;</strong></span> <span class='ocrx_word' id='word_1_209' title='bbox 323 2101 436 2160; x_wconf 91' lang='lat' dir='ltr'><strong>deinde</strong></span> <span class='ocrx_word' id='word_1_210' title='bbox 458 2117 546 2174; x_wconf 90' lang='lat' dir='ltr'><strong>spem</strong></span> <span class='ocrx_word' id='word_1_211' title='bbox 567 2102 731 2162; x_wconf 86' lang='lat' dir='ltr'><strong>ostendere</strong></span> <span class='ocrx_word' id='word_1_212' title='bbox 752 2101 856 2178; x_wconf 88' lang='lat' dir='ltr'><strong>aliquo</strong></span> <span class='ocrx_word' id='word_1_213' title='bbox 872 2098 953 2162; x_wconf 91' lang='lat' dir='ltr'><strong>sein</strong></span> <span class='ocrx_word' id='word_1_214' title='bbox 969 2103 1038 2163; x_wconf 84' lang='grc'><strong>1666</strong></span> <span class='ocrx_word' id='word_1_215' title='bbox 1055 2117 1169 2175; x_wconf 82' lang='lat' dir='ltr'><strong>magno</strong></span> 
     </span>
    </p>
   </div>
   <div class='ocr_carea' id='block_1_14' title="bbox 122 2182 1267 2342">
    <p class='ocr_par' dir='ltr' id='par_1_14' title="bbox 122 2182 1267 2342">
     <span class='ocr_line' id='line_1_24' title="bbox 122 2182 1267 2269; baseline -0.001 -26"><span class='ocrx_word' id='word_1_216' title='bbox 122 2184 172 2259; x_wconf 92' lang='lat' dir='ltr'><strong>iis,</strong></span> <span class='ocrx_word' id='word_1_217' title='bbox 188 2185 241 2259; x_wconf 91' lang='lat' dir='ltr'><strong>qui</strong></span> <span class='ocrx_word' id='word_1_218' title='bbox 255 2183 315 2246; x_wconf 90' lang='lat' dir='ltr'><strong>sibi</strong></span> <span class='ocrx_word' id='word_1_219' title='bbox 326 2182 548 2257; x_wconf 80' lang='lat' dir='ltr'><strong>concesserint,</strong></span> <span class='ocrx_word' id='word_1_220' title='bbox 562 2183 634 2246; x_wconf 90' lang='lat' dir='ltr'><strong>usui</strong></span> <span class='ocrx_word' id='word_1_221' title='bbox 646 2186 789 2244; x_wconf 78' lang='lat' dir='ltr'><strong>futurum.</strong></span> <span class='ocrx_word' id='word_1_222' title='bbox 812 2182 883 2246; x_wconf 89' lang='grc'><strong>107.</strong></span> <span class='ocrx_word' id='word_1_223' title='bbox 897 2185 1019 2258; x_wconf 87' lang='grc' dir='ltr'><strong>Ρ66166,</strong></span> <span class='ocrx_word' id='word_1_224' title='bbox 1035 2185 1063 2245; x_wconf 90' lang='lat' dir='ltr'><strong>si</strong></span> <span class='ocrx_word' id='word_1_225' title='bbox 1072 2185 1168 2243; x_wconf 86' lang='lat' dir='ltr'><strong>sacul—</strong></span> <span class='ocrx_word' id='word_1_226' title='bbox 1249 2190 1267 2269; x_wconf 57' lang='lat' dir='ltr'><em>J</em></span> 
     </span>
     <span class='ocr_line' id='line_1_25' title="bbox 122 2266 1165 2342; baseline 0 -16"><span class='ocrx_word' id='word_1_227' title='bbox 122 2274 171 2326; x_wconf 90' lang='lat' dir='ltr'><strong>tas</strong></span> <span class='ocrx_word' id='word_1_228' title='bbox 183 2267 250 2337; x_wconf 88' lang='lat' dir='ltr'><strong>erit,</strong></span> <span class='ocrx_word' id='word_1_229' title='bbox 264 2281 299 2324; x_wconf 90' lang='lat' dir='ltr'><strong>se</strong></span> <span class='ocrx_word' id='word_1_230' title='bbox 311 2273 366 2325; x_wconf 89' lang='lat' dir='ltr'><strong>aut</strong></span> <span class='ocrx_word' id='word_1_231' title='bbox 375 2266 639 2341; x_wconf 83' lang='lat' dir='ltr'><strong>consanguineum</strong></span> <span class='ocrx_word' id='word_1_232' title='bbox 652 2276 769 2328; x_wconf 89' lang='lat' dir='ltr'><strong>....aut</strong></span> <span class='ocrx_word' id='word_1_233' title='bbox 780 2268 840 2328; x_wconf 90' lang='lat' dir='ltr'><strong>iam</strong></span> <span class='ocrx_word' id='word_1_234' title='bbox 851 2284 870 2326; x_wconf 86' lang='lat' dir='ltr'><strong>a</strong></span> <span class='ocrx_word' id='word_1_235' title='bbox 881 2267 1049 2327; x_wconf 89' lang='lat' dir='ltr'><strong>maioribus</strong></span> <span class='ocrx_word' id='word_1_236' title='bbox 1061 2267 1091 2326; x_wconf 93' lang='lat' dir='ltr'><strong>in</strong></span> <span class='ocrx_word' id='word_1_237' title='bbox 1102 2267 1165 2342; x_wconf 90' lang='lat' dir='ltr'><strong>pri·</strong></span> 
     </span>
    </p>
   </div>
   <div class='ocr_carea' id='block_1_15' title="bbox 120 2349 1165 2509">
    <p class='ocr_par' dir='ltr' id='par_1_15' title="bbox 120 2349 1165 2509">
     <span class='ocr_line' id='line_1_26' title="bbox 121 2349 1165 2426; baseline 0.001 -19"><span class='ocrx_word' id='word_1_238' title='bbox 121 2349 180 2408; x_wconf 91' lang='lat' dir='ltr'><strong>mis</strong></span> <span class='ocrx_word' id='word_1_239' title='bbox 192 2350 324 2409; x_wconf 89' lang='lat' dir='ltr'><strong>amicum</strong></span> <span class='ocrx_word' id='word_1_240' title='bbox 337 2349 653 2421; x_wconf 74' lang='lat' dir='ltr'><strong>essedemonstrabit</strong></span> <span class='ocrx_word' id='word_1_241' title='bbox 662 2357 693 2411; x_wconf 92' lang='lat' dir='ltr'><strong>et</strong></span> <span class='ocrx_word' id='word_1_242' title='bbox 703 2350 933 2426; x_wconf 86' lang='lat' dir='ltr'><strong>amplitudinem</strong></span> <span class='ocrx_word' id='word_1_243' title='bbox 941 2366 1018 2411; x_wconf 91' lang='lat' dir='ltr'><strong>suae</strong></span> <span class='ocrx_word' id='word_1_244' title='bbox 1026 2352 1165 2409; x_wconf 87' lang='lat' dir='ltr'><strong>volunta-</strong></span> 
     </span>
     <span class='ocr_line' id='line_1_27' title="bbox 120 2432 1165 2509; baseline 0.003 -18"><span class='ocrx_word' id='word_1_245' title='bbox 120 2432 170 2504; x_wconf 91' lang='lat' dir='ltr'><strong>tis,</strong></span> <span class='ocrx_word' id='word_1_246' title='bbox 182 2432 372 2493; x_wconf 83' lang='lat' dir='ltr'><strong>nobilitatem</strong></span> <span class='ocrx_word' id='word_1_247' title='bbox 383 2434 516 2508; x_wconf 82' lang='lat' dir='ltr'><strong>generis,</strong></span> <span class='ocrx_word' id='word_1_248' title='bbox 533 2448 650 2504; x_wconf 91' lang='lat' dir='ltr'><strong>eorum,</strong></span> <span class='ocrx_word' id='word_1_249' title='bbox 667 2435 720 2509; x_wconf 91' lang='lat' dir='ltr'><strong>qui</strong></span> <span class='ocrx_word' id='word_1_250' title='bbox 733 2452 768 2494; x_wconf 90' lang='lat' dir='ltr'><strong>se</strong></span> <span class='ocrx_word' id='word_1_251' title='bbox 784 2437 906 2494; x_wconf 89' lang='lat' dir='ltr'><strong>salvum</strong></span> <span class='ocrx_word' id='word_1_252' title='bbox 917 2435 1024 2506; x_wconf 80' lang='lat' dir='ltr'><strong>velint,</strong></span> <span class='ocrx_word' id='word_1_253' title='bbox 1035 2432 1165 2508; x_wconf 81' lang='lat' dir='ltr'><strong>dignita-</strong></span> 
     </span>
    </p>
   </div>
   <div class='ocr_carea' id='block_1_16' title="bbox 121 2514 1267 2591">
    <p class='ocr_par' dir='ltr' id='par_1_16' title="bbox 121 2514 1267 2591">
     <span class='ocr_line' id='line_1_28' title="bbox 121 2514 1267 2591; baseline 0.003 -16"><span class='ocrx_word' id='word_1_254' title='bbox 121 2522 182 2575; x_wconf 88' lang='lat' dir='ltr'><strong>tem</strong></span> <span class='ocrx_word' id='word_1_255' title='bbox 196 2517 372 2588; x_wconf 87' lang='lat' dir='ltr'><strong>ostendere,</strong></span> <span class='ocrx_word' id='word_1_256' title='bbox 385 2525 416 2578; x_wconf 90' lang='lat' dir='ltr'><strong>et</strong></span> <span class='ocrx_word' id='word_1_257' title='bbox 425 2525 552 2577; x_wconf 87' lang='lat' dir='ltr'><strong>caetera</strong></span> <span class='ocrx_word' id='word_1_258' title='bbox 560 2533 608 2589; x_wconf 89' lang='lat' dir='ltr'><strong>ea,</strong></span> <span class='ocrx_word' id='word_1_259' title='bbox 620 2534 701 2591; x_wconf 90' lang='lat' dir='ltr'><strong>quae</strong></span> <span class='ocrx_word' id='word_1_260' title='bbox 716 2518 859 2581; x_wconf 80' lang='lat' dir='ltr'><strong>personis</strong></span> <span class='ocrx_word' id='word_1_261' title='bbox 871 2514 1122 2586; x_wconf 86' lang='lat' dir='ltr'><strong>adhonestatem</strong></span> <span class='ocrx_word' id='word_1_262' title='bbox 1134 2525 1165 2578; x_wconf 89' lang='lat' dir='ltr'><strong>et</strong></span> <span class='ocrx_word' id='word_1_263' title='bbox 1266 2542 1267 2567; x_wconf 67' lang='grc'><strong>1</strong></span> 
     </span>
    </p>
   </div>
   <div class='ocr_carea' id='block_1_17' title="bbox 103 2590 1170 3323">
    <p class='ocr_par' dir='ltr' id='par_1_17' title="bbox 103 2590 1170 3323">
     <span class='ocr_line' id='line_1_29' title="bbox 124 2590 1168 2668; baseline -0.003 -15"><span class='ocrx_word' id='word_1_264' title='bbox 124 2595 362 2668; x_wconf 63' lang='lat' dir='ltr'><strong>amplitudinem,</strong></span> <span class='ocrx_word' id='word_1_265' title='bbox 375 2603 445 2655; x_wconf 91' lang='lat' dir='ltr'><strong>sunt</strong></span> <span class='ocrx_word' id='word_1_266' title='bbox 460 2595 617 2668; x_wconf 87' lang='lat' dir='ltr'><strong>attributa,</strong></span> <span class='ocrx_word' id='word_1_267' title='bbox 641 2610 713 2654; x_wconf 88' lang='lat' dir='ltr'><strong>cum</strong></span> <span class='ocrx_word' id='word_1_268' title='bbox 728 2592 969 2666; x_wconf 82' lang='lat' dir='ltr'><strong>conquestione,</strong></span> <span class='ocrx_word' id='word_1_269' title='bbox 995 2590 1063 2651; x_wconf 90' lang='lat' dir='ltr'><strong>sine</strong></span> <span class='ocrx_word' id='word_1_270' title='bbox 1078 2590 1168 2650; x_wconf 89' lang='lat' dir='ltr'><strong>adro·</strong></span> 
     </span>
     <span class='ocr_line' id='line_1_30' title="bbox 125 2674 1169 2752; baseline -0.004 -17"><span class='ocrx_word' id='word_1_271' title='bbox 125 2676 278 2752; x_wconf 74' lang='lat' dir='ltr'><strong>gantiam</strong></span> <span class='ocrx_word' id='word_1_272' title='bbox 292 2695 326 2738; x_wconf 88' lang='grc'><strong>66</strong></span> <span class='ocrx_word' id='word_1_273' title='bbox 337 2694 409 2736; x_wconf 87' lang='grc'><strong>6666</strong></span> <span class='ocrx_word' id='word_1_274' title='bbox 421 2676 652 2750; x_wconf 87' lang='lat' dir='ltr'><strong>demonstrabit,</strong></span> <span class='ocrx_word' id='word_1_275' title='bbox 662 2685 696 2737; x_wconf 88' lang='lat' dir='ltr'><strong>ut</strong></span> <span class='ocrx_word' id='word_1_276' title='bbox 705 2678 824 2737; x_wconf 91' lang='lat' dir='ltr'><strong>honore</strong></span> <span class='ocrx_word' id='word_1_277' title='bbox 835 2676 940 2751; x_wconf 90' lang='lat' dir='ltr'><strong>potius</strong></span> <span class='ocrx_word' id='word_1_278' title='bbox 948 2674 1063 2749; x_wconf 89' lang='lat' dir='ltr'><strong>aliquo,</strong></span> <span class='ocrx_word' id='word_1_279' title='bbox 1078 2690 1169 2749; x_wconf 92' lang='lat' dir='ltr'><strong>quarn</strong></span> 
     </span>
     <span class='ocr_line' id='line_1_31' title="bbox 124 2759 1168 2835; baseline -0.003 -16"><span class='ocrx_word' id='word_1_280' title='bbox 124 2761 189 2820; x_wconf 91' lang='lat' dir='ltr'><strong>ullo</strong></span> <span class='ocrx_word' id='word_1_281' title='bbox 210 2759 365 2833; x_wconf 89' lang='lat' dir='ltr'><strong>supplicio</strong></span> <span class='ocrx_word' id='word_1_282' title='bbox 387 2760 500 2835; x_wconf 83' lang='lat' dir='ltr'><strong>dignus</strong></span> <span class='ocrx_word' id='word_1_283' title='bbox 522 2776 594 2819; x_wconf 88' lang='lat' dir='ltr'><strong>esse</strong></span> <span class='ocrx_word' id='word_1_284' title='bbox 614 2760 770 2830; x_wconf 80' lang='lat' dir='ltr'><strong>videatur3</strong></span> <span class='ocrx_word' id='word_1_285' title='bbox 798 2759 910 2819; x_wconf 90' lang='lat' dir='ltr'><strong>deinde</strong></span> <span class='ocrx_word' id='word_1_286' title='bbox 933 2767 1074 2818; x_wconf 88' lang='lat' dir='ltr'><strong>caeteros</strong></span> <span class='ocrx_word' id='word_1_287' title='bbox 1096 2772 1168 2830; x_wconf 90' lang='lat' dir='ltr'><strong>pro-</strong></span> 
     </span>
     <span class='ocr_line' id='line_1_32' title="bbox 125 2842 1169 2916; baseline -0.003 -14"><span class='ocrx_word' id='word_1_288' title='bbox 125 2845 215 2915; x_wconf 86' lang='lat' dir='ltr'><strong>lerre,</strong></span> <span class='ocrx_word' id='word_1_289' title='bbox 237 2843 349 2916; x_wconf 92' lang='lat' dir='ltr'><strong>quibus</strong></span> <span class='ocrx_word' id='word_1_290' title='bbox 363 2842 481 2902; x_wconf 87' lang='lat' dir='ltr'><strong>maiora</strong></span> <span class='ocrx_word' id='word_1_291' title='bbox 496 2858 649 2902; x_wconf 88' lang='lat' dir='ltr'><strong>concessa</strong></span> <span class='ocrx_word' id='word_1_292' title='bbox 663 2842 775 2903; x_wconf 87' lang='lat' dir='ltr'><strong>delicta</strong></span> <span class='ocrx_word' id='word_1_293' title='bbox 789 2842 859 2903; x_wconf 89' lang='lat' dir='ltr'><strong>sint.</strong></span> <span class='ocrx_word' id='word_1_294' title='bbox 895 2844 941 2902; x_wconf 84' lang='lat' dir='ltr'><strong>Ac</strong></span> <span class='ocrx_word' id='word_1_295' title='bbox 956 2843 1082 2902; x_wconf 92' lang='lat' dir='ltr'><strong>multum</strong></span> <span class='ocrx_word' id='word_1_296' title='bbox 1098 2856 1169 2915; x_wconf 90' lang='lat' dir='ltr'><strong>pro-</strong></span> 
     </span>
     <span class='ocr_line' id='line_1_33' title="bbox 124 2923 1168 3003; baseline -0.002 -17"><span class='ocrx_word' id='word_1_297' title='bbox 124 2925 224 2999; x_wconf 87' lang='lat' dir='ltr'><strong>ficiet,</strong></span> <span class='ocrx_word' id='word_1_298' title='bbox 245 2924 272 2984; x_wconf 91' lang='lat' dir='ltr'><strong>si</strong></span> <span class='ocrx_word' id='word_1_299' title='bbox 287 2941 323 2986; x_wconf 91' lang='lat' dir='ltr'><strong>se</strong></span> <span class='ocrx_word' id='word_1_300' title='bbox 336 2924 772 3001; x_wconf 83' lang='lat' dir='ltr'><strong>misericordem,inpotestate</strong></span> <span class='ocrx_word' id='word_1_301' title='bbox 781 2933 811 2986; x_wconf 90' lang='lat' dir='ltr'><strong>et</strong></span> <span class='ocrx_word' id='word_1_302' title='bbox 821 2942 1012 3003; x_wconf 90' lang='lat' dir='ltr'><strong>propensum</strong></span> <span class='ocrx_word' id='word_1_303' title='bbox 1027 2925 1067 2985; x_wconf 92' lang='lat' dir='ltr'><strong>ad</strong></span> <span class='ocrx_word' id='word_1_304' title='bbox 1082 2923 1168 2999; x_wconf 80' lang='lat' dir='ltr'><strong>igno·</strong></span> 
     </span>
     <span class='ocr_line' id='line_1_34' title="bbox 126 3005 1170 3086; baseline -0.004 -16"><span class='ocrx_word' id='word_1_305' title='bbox 126 3010 277 3071; x_wconf 89' lang='lat' dir='ltr'><strong>scendum</strong></span> <span class='ocrx_word' id='word_1_306' title='bbox 297 3006 396 3069; x_wconf 88' lang='lat' dir='ltr'><strong>luisse</strong></span> <span class='ocrx_word' id='word_1_307' title='bbox 417 3009 570 3070; x_wconf 90' lang='lat' dir='ltr'><strong>ostendet.</strong></span> <span class='ocrx_word' id='word_1_308' title='bbox 604 3012 709 3085; x_wconf 87' lang='lat' dir='ltr'><strong>Atque</strong></span> <span class='ocrx_word' id='word_1_309' title='bbox 726 3010 830 3086; x_wconf 92' lang='lat' dir='ltr'><strong>ipsum</strong></span> <span class='ocrx_word' id='word_1_310' title='bbox 844 3010 920 3070; x_wconf 93' lang='lat' dir='ltr'><strong>illud</strong></span> <span class='ocrx_word' id='word_1_311' title='bbox 934 3017 1097 3085; x_wconf 87' lang='lat' dir='ltr'><strong>peccalum</strong></span> <span class='ocrx_word' id='word_1_312' title='bbox 1112 3005 1170 3066; x_wconf 86' lang='lat' dir='ltr'><strong>erit</strong></span> 
     </span>
     <span class='ocr_line' id='line_1_35' title="bbox 124 3092 1170 3172; baseline -0.004 -18"><span class='ocrx_word' id='word_1_313' title='bbox 124 3094 372 3168; x_wconf 86' lang='lat' dir='ltr'><strong>extenuandum,</strong></span> <span class='ocrx_word' id='word_1_314' title='bbox 398 3100 431 3152; x_wconf 95' lang='lat' dir='ltr'><strong>ut</strong></span> <span class='ocrx_word' id='word_1_315' title='bbox 453 3109 545 3169; x_wconf 90' lang='lat' dir='ltr'><strong>quam</strong></span> <span class='ocrx_word' id='word_1_316' title='bbox 565 3092 722 3154; x_wconf 91' lang='lat' dir='ltr'><strong>minimum</strong></span> <span class='ocrx_word' id='word_1_317' title='bbox 743 3094 882 3172; x_wconf 83' lang='lat' dir='ltr'><strong>obfuisse</strong></span> <span class='ocrx_word' id='word_1_318' title='bbox 902 3092 1043 3152; x_wconf 88' lang='lat' dir='ltr'><strong>videatur</strong></span> <span class='ocrx_word' id='word_1_319' title='bbox 1066 3098 1097 3149; x_wconf 91' lang='grc'><strong>61</strong></span> <span class='ocrx_word' id='word_1_320' title='bbox 1118 3098 1170 3150; x_wconf 87' lang='grc'><strong>661</strong></span> 
     </span>
     <span class='ocr_line' id='line_1_36' title="bbox 123 3171 1169 3253; baseline -0.008 -15"><span class='ocrx_word' id='word_1_321' title='bbox 123 3186 214 3253; x_wconf 87' lang='lat' dir='ltr'><strong>turpe</strong></span> <span class='ocrx_word' id='word_1_322' title='bbox 234 3186 288 3240; x_wconf 89' lang='lat' dir='ltr'><strong>aut</strong></span> <span class='ocrx_word' id='word_1_323' title='bbox 308 3176 415 3237; x_wconf 92' lang='lat' dir='ltr'><strong>inutile</strong></span> <span class='ocrx_word' id='word_1_324' title='bbox 430 3178 704 3239; x_wconf 89' lang='lat' dir='ltr'><strong>demonstrandum</strong></span> <span class='ocrx_word' id='word_1_325' title='bbox 718 3176 771 3238; x_wconf 84' lang='lat' dir='ltr'><strong>tali</strong></span> <span class='ocrx_word' id='word_1_326' title='bbox 787 3178 825 3238; x_wconf 92' lang='lat' dir='ltr'><strong>de</strong></span> <span class='ocrx_word' id='word_1_327' title='bbox 840 3176 965 3236; x_wconf 90' lang='lat' dir='ltr'><strong>homine</strong></span> <span class='ocrx_word' id='word_1_328' title='bbox 980 3171 1169 3249; x_wconf 87' lang='lat' dir='ltr'><strong>supplicium</strong></span> 
     </span>
     <span class='ocr_line' id='line_1_37' title="bbox 103 3257 1168 3323; baseline -0.008 -1"><span class='ocrx_word' id='word_1_329' title='bbox 103 3276 258 3322; x_wconf 87' lang='lat' dir='ltr'><strong>sumere.</strong></span> <span class='ocrx_word' id='word_1_330' title='bbox 287 3261 358 3323; x_wconf 76' lang='lat' dir='ltr'><strong>loe.</strong></span> <span class='ocrx_word' id='word_1_331' title='bbox 381 3259 499 3320; x_wconf 87' lang='lat' dir='ltr'><strong>Deinde</strong></span> <span class='ocrx_word' id='word_1_332' title='bbox 519 3260 596 3322; x_wconf 91' lang='lat' dir='ltr'><strong>locis</strong></span> <span class='ocrx_word' id='word_1_333' title='bbox 618 3260 832 3322; x_wconf 89' lang='lat' dir='ltr'><strong>communibus</strong></span> <span class='ocrx_word' id='word_1_334' title='bbox 853 3257 1097 3320; x_wconf 89' lang='lat' dir='ltr'><strong>misericordiam</strong></span> <span class='ocrx_word' id='word_1_335' title='bbox 1119 3271 1168 3313; x_wconf 88' lang='lat' dir='ltr'><strong>ca-</strong></span> 
     </span>
    </p>
   </div>
   <div class='ocr_carea' id='block_1_18' title="bbox 123 3340 1267 3421">
    <p class='ocr_par' dir='ltr' id='par_1_18' title="bbox 123 3340 1267 3421">
     <span class='ocr_line' id='line_1_38' title="bbox 123 3340 1267 3421; baseline -0.016 -16"><span class='ocrx_word' id='word_1_336' title='bbox 123 3353 211 3420; x_wconf 86' lang='lat' dir='ltr'><strong>ptare</strong></span> <span class='ocrx_word' id='word_1_337' title='bbox 232 3343 386 3421; x_wconf 88' lang='lat' dir='ltr'><strong>oportebit</strong></span> <span class='ocrx_word' id='word_1_338' title='bbox 407 3343 504 3404; x_wconf 87' lang='lat' dir='ltr'><strong>exiis</strong></span> <span class='ocrx_word' id='word_1_339' title='bbox 525 3344 717 3419; x_wconf 87' lang='lat' dir='ltr'><strong>praeceptis,</strong></span> <span class='ocrx_word' id='word_1_340' title='bbox 744 3359 824 3418; x_wconf 89' lang='lat' dir='ltr'><strong>quae</strong></span> <span class='ocrx_word' id='word_1_341' title='bbox 844 3340 987 3417; x_wconf 81' lang='lat' dir='ltr'><strong>inprime</strong></span> <span class='ocrx_word' id='word_1_342' title='bbox 1003 3341 1081 3398; x_wconf 88' lang='lat' dir='ltr'><strong>libro</strong></span> <span class='ocrx_word' id='word_1_343' title='bbox 1097 3342 1169 3393; x_wconf 87' lang='lat' dir='ltr'><strong>sunt</strong></span> <span class='ocrx_word' id='word_1_344' title='bbox 1266 3362 1267 3365; x_wconf 60' lang='lat'><em>=</em></span> 
     </span>
    </p>
   </div>
   <div class='ocr_carea' id='block_1_19' title="bbox 125 3412 1167 3503">
    <p class='ocr_par' dir='ltr' id='par_1_19' title="bbox 125 3412 1167 3503">
     <span class='ocr_line' id='line_1_39' title="bbox 125 3412 1167 3503; baseline -0.023 -13"><span class='ocrx_word' id='word_1_345' title='bbox 125 3429 276 3503; x_wconf 83' lang='lat' dir='ltr'><strong>exposita.</strong></span> <span class='ocrx_word' id='word_1_346' title='bbox 319 3428 453 3488; x_wconf 88' lang='lat' dir='ltr'>XXXVI.</span> <span class='ocrx_word' id='word_1_347' title='bbox 481 3427 689 3486; x_wconf 84' lang='lat' dir='ltr'><strong>Adversarius</strong></span> <span class='ocrx_word' id='word_1_348' title='bbox 716 3434 817 3485; x_wconf 90' lang='lat' dir='ltr'><strong>autem</strong></span> <span class='ocrx_word' id='word_1_349' title='bbox 842 3425 1004 3484; x_wconf 80' lang='lat' dir='ltr'><strong>malefacta</strong></span> <span class='ocrx_word' id='word_1_350' title='bbox 1029 3412 1167 3487; x_wconf 77' lang='lat' dir='ltr'><strong>augebite</strong></span> 
     </span>
    </p>
   </div>
   <div class='ocr_carea' id='block_1_20' title="bbox 0 0 1292 3892">
    <p class='ocr_par' dir='ltr' id='par_1_20' title="bbox 0 0 1292 3892">
     <span class='ocr_line' id='line_1_40' title="bbox 0 0 1292 3892; baseline 0 0"><span class='ocrx_word' id='word_1_351' title='bbox 0 0 1292 3892; x_wconf 95' lang='lat' dir='ltr'><strong> </strong></span> 
     </span>
    </p>
   </div>
  </div>
 </body>
</html>
