2575 3892
145 176 205 291 1d8
512 179 563 240 DE
585 178 820 249 INVENTIONE
1073 247 1077 249 Α
1165 193 1209 248 86

142 344 214 406 talis
225 345 326 406 honos
339 345 462 405 habitus
475 348 522 417 sit,
537 353 717 420 quaeretur;
730 344 900 418 deinde‚ne
912 344 939 405 is
949 344 1205 409 honosnimium

142 432 355 504 pervulgetur.
390 429 459 490 114.
474 433 579 504 Atque
595 429 644 489 bic
660 429 737 501 eius,
757 430 809 504 qui
825 435 933 490 contra
947 430 1084 506 aliquem
1096 448 1204 508 prae·

141 518 236 578 mium
251 517 459 591 postulantem
475 513 566 587 dicct,
587 514 676 574 locus
691 511 748 573 erit
763 511 950 574 communis:
973 512 1118 588 praemia
1135 515 1204 575 vir·

143 600 215 662 tutis
237 609 268 660 et
288 598 383 661 officii
404 606 512 658 sancte
532 605 563 657 et
584 605 671 658 casta
692 611 764 656 esse
786 604 930 670 oportere
950 610 1055 672 neque
1076 613 1118 657 ea
1145 608 1203 660 aut

142 701 212 744 cum
233 682 382 758 improbis
404 679 622 741 communicari
643 688 696 740 aut
721 678 752 738 in
777 678 985 740 mediocribus
1013 679 1200 744 hominibus

144 765 334 843 pervulgari3
361 772 392 826 et
412 767 504 825 alters
529 763 632 824 Minus
652 761 793 824 homines
814 761 935 823 virtutis
957 762 1092 838 cupidos
1115 767 1198 839 fore,

144 850 263 912 uirtutis
285 848 423 925 praemio
444 849 642 924 pervulgutm
672 862 752 922 qnae
772 845 854 905 enim
874 862 946 906 rara
960 855 992 906 et
1006 848 1104 908 ardua
1120 849 1198 922 sint,

142 953 181 997 ea
191 932 382 1009 experiendo
394 933 504 1008 pulcra
515 940 547 992 et
556 931 691 992 iucunda
702 927 877 991 hominibus
889 928 1005 1001 videri;
1022 938 1053 991 et
1064 930 1198 992 tertius:

144 1019 177 1078 Si
192 1016 351 1089 exsistant,
369 1016 422 1091 qui
437 1016 521 1095 apud
536 1016 670 1077 maiores
685 1022 810 1074 nostros
825 1015 865 1074 ob
880 1013 1037 1089 egregiam
1048 1012 1198 1077 virtutem

143 1102 196 1162 tali
216 1102 335 1161 honore
356 1099 473 1174 dignati
493 1109 581 1174 sunt,
606 1115 710 1161 nonne
731 1098 770 1157 de
791 1095 982 1171 maglorio,
1010 1114 1106 1172 quum
1123 1095 1197 1174 pari

142 1184 281 1260 praemio
302 1186 380 1243 tales
401 1184 542 1245 homines
564 1183 657 1244 adlici
680 1181 822 1255 videant,
849 1180 980 1241 delibari
1003 1188 1139 1257 putent?
1165 1189 1198 1243 et

143 1284 250 1328 eorum
265 1265 453 1326 enumeratio
469 1276 581 1327 etcum
593 1266 648 1338 eis,
665 1282 744 1341 quos
757 1263 971 1338 contradicas,
988 1265 1197 1338 comparatio,

143 1351 218 1409 Eius
230 1357 341 1421 autem,
355 1349 407 1423 qui
419 1350 589 1424 praemium
600 1358 692 1424 petet,
706 1346 839 1409 laudeni
851 1346 1198 1424 amplificatiueorum,

143 1432 196 1509 qui
211 1432 348 1507 praemio
363 1432 477 1493 adlecti
492 1441 572 1505 sunt,
588 1448 658 1492 curn
673 1431 738 1491 suis
751 1431 840 1491 lactis
853 1430 1017 1492 contentio.
1038 1427 1115 1490 lla·
1127 1430 1196 1491 De-

142 1516 215 1576 inde
231 1523 371 1576 caeteros
386 1534 405 1575 a
421 1514 539 1577 virtutis
556 1515 659 1577 studio
673 1515 834 1589 repulsum
848 1514 901 1589 iri,
923 1513 950 1574 si
964 1513 1036 1589 ipse.
1049 1514 1193 1588 praemio

143 1618 206 1661 non
222 1599 261 1660 sit
275 1600 425 1661 adlectus.
453 1599 627 1661 Facultates
641 1607 743 1659 autem
758 1596 1001 1671 considerantur,
1023 1610 1121 1670 quum
1138 1595 1192 1657 ali-

144 1688 230 1762 quod
245 1686 456 1761 pecuniarium
471 1682 641 1760 praemium
656 1684 846 1757 postulatum
868 1682 996 1757 inquo,
1016 1687 1120 1740 utrum
1140 1695 1191 1739 co-

145 1772 236 1847 piane
250 1769 290 1830 sit
303 1770 383 1844 agri,
398 1768 612 1843 vectigalium,
627 1765 775 1843 pecunia,
792 1782 830 1825 an
845 1765 990 1841 peronia,
1006 1762 1190 1824 considera·

145 1864 204 1913 tur.
229 1853 305 1913 Loci
319 1868 514 1913 communes:
529 1852 706 1912 Facultates
721 1865 845 1925 augere,
860 1866 922 1910 non
938 1848 1079 1908 minuere
1095 1862 1190 1922 opor·

145 1945 224 2005 tere,
246 1942 278 1996 ct
299 1934 510 2011 impudentem
531 1949 620 2006 esse,
642 1934 696 2008 qui
713 1949 772 2009 pro
790 1931 942 1994 beneficio
965 1947 1029 1992 non
1049 1929 1190 2006 gratiam,

145 2029 251 2069 verum
271 2014 446 2073 mercedem
467 2015 617 2087 postulet3
643 2016 751 2072 contro
771 2021 873 2075 autem
893 2014 935 2073 de
948 2013 1084 2087 pecunia
1097 2012 1191 2071 ratio-

146 2094 241 2153 cinari
257 2095 418 2156 sordidum
433 2112 514 2168 esse,
531 2114 626 2171 quum
641 2097 681 2156 de
696 2095 792 2171 gratia
805 2097 968 2157 referenda
984 2096 1190 2166 deliberetur3

145 2187 191 2249 et‚‘
201 2194 235 2238 se
251 2177 381 2253 pretium
402 2197 465 2241 non
479 2197 536 2255 pro
552 2182 643 2253 lacto,
659 2180 717 2241 sed
731 2180 881 2241 honorem
895 2179 947 2254 ita,
962 2178 1006 2240 uti
1020 2178 1190 2243 {actitatum

145 2261 194 2336 sit,
218 2277 275 2339 pro
291 2263 442 2324 beneficio
458 2267 627 2340 postmare.
659 2263 706 2323 Ac
721 2263 761 2323 de
778 2261 1047 2330 constitutionibus
1064 2262 1189 2337 quidem

145 2345 221 2405 satis
244 2344 434 2407 dictumest:
461 2364 541 2407 nnnc
557 2349 596 2408 de
611 2346 649 2407 iis
665 2347 901 2421 controversiis,
930 2345 1056 2422 quaein
1072 2345 1188 2419 scripto

143 2437 315 2501 versantur,
331 2430 495 2490 dicendum
509 2431 639 2492 videtur.
1065 2438 1069 2439 ⁷

227 2512 287 2569 XL.
318 2509 388 2571 116.
415 2514 449 2571 ln
476 2513 591 2588 scripto
614 2521 756 2573 versatur
777 2512 1005 2586 controversia,
1031 2525 1126 2585 quum
1147 2526 1189 2570 ex

144 2592 321 2667 scriptionis
337 2593 457 2654 ratione
471 2593 588 2670 aliquid
603 2596 688 2656 dubii
703 2595 848 2659 nascitur.
880 2599 916 2657 ld
931 2597 964 2657 lit
978 2612 1019 2657 ex
1032 2592 1186 2667 ambiguo,
1260 2590 1261 2669 l

145 2694 185 2736 cx
207 2676 322 2752 scripto
339 2684 369 2737 et
384 2679 550 2751 sententia,
577 2696 615 2738 ex
631 2678 792 2742 contrariis
808 2680 944 2756 legibus,
971 2697 1010 2740 ex
1023 2677 1186 2738 ratiocina-

144 2762 244 2835 tione,
270 2778 310 2820 ex
332 2761 519 2823 definitione.
554 2762 603 2822 Ex
622 2764 765 2839 ambiguo
787 2772 888 2825 autem
909 2762 1043 2824 nascitur
1064 2768 1187 2821 contro·
1260 2754 1261 2829 ἲ

144 2845 262 2917 versia,
289 2862 396 2920 quum,
426 2847 500 2921 quid
521 2846 653 2907 senserit
667 2848 814 2923 scriptor,
837 2849 1003 2908 obscurum
1016 2852 1079 2918 est,
1102 2843 1187 2918 quod
1260 2840 1261 2907 l

143 2930 293 3004 scriptum
308 2931 387 2989 duos
402 2933 548 3004 pluresve
562 2947 614 2990 res
629 2930 791 3005 significat,
813 2931 854 2990 ed
868 2931 951 2991 hunc
965 2929 1106 2990 modum:
1131 2926 1185 2986 Pa-

145 3012 337 3086 terfamilias,
360 3030 453 3086 quum
469 3013 565 3076 filium
579 3014 725 3074 heredem
741 3017 865 3088 laceret,
885 3030 1032 3075 vesorum
1046 3018 1186 3085 urgente·

144 3113 232 3156 orum
248 3104 369 3157 centum
380 3097 486 3172 pondo
497 3096 587 3157 uxori
599 3113 676 3158 suae
686 3096 733 3157 sic
745 3098 873 3171 legerim
887 3112 984 3157 nunes
998 3110 1078 3159 uuus
1092 3107 1187 3161 uxonr
1258 3066 1261 3153 l

143 3192 227 3234 nunu
244 3195 388 3238 vesonum
401 3193 624 3239 naomreonmr
633 3195 731 3240 roroo
744 3194 869 3252 curren,
884 3196 963 3249 onae
974 3193 1080 3250 vomer,
1094 3190 1187 3235 onro.

143 3254 217 3344 Post
234 3269 363 3318 mortem
384 3261 452 3322 eius
474 3277 550 3322 vasa
562 3261 726 3338 magnifica
740 3271 772 3324 et
785 3265 924 3339 pretiose
945 3264 1065 3322 caelata
1078 3258 1187 3334 petita

144 3335 207 3421 filio
223 3343 328 3422 mater.
358 3342 412 3399 ille
427 3359 472 3414 se,
496 3360 576 3418 quae
589 3344 659 3419 ipse
675 3347 775 3419 vellet,
797 3346 912 3406 debere
927 3343 1010 3404 dicit.
1042 3341 1186 3416 Primum,

144 3425 172 3464 81
192 3409 259 3465 fiffl
279 3416 404 3488 Ρῡῑθΐίἰ,
431 3424 703 3489 demonstrandum
726 3438 774 3489 est
788 3445 850 3488 non
864 3443 938 3488 esse
952 3426 1096 3500 ambigue
1111 3424 1187 3484 scri·
