2575 3892
130 157 167 244 rs
359 178 475 238 LIBER
489 179 526 237 tl.
549 177 632 236 cnr.
647 184 774 275 ao-at
791 182 817 243 s.
832 183 953 239 temet.
1074 150 1077 161 ’
1109 174 1174 239 177

82 372 95 393 .
112 333 177 393 Ea
189 338 237 391 est
249 326 441 389 huiusmodiz
456 326 601 389 Horatius
615 323 732 388 ochsis
744 322 994 390 tribuscuriatiis
1007 337 1038 390 et
1049 329 1173 391 duobus

126 413 254 475 amissis
275 411 420 472 fratribus
439 412 564 472 domum
584 426 620 470 se
642 409 739 471 victor
752 409 879 485 recepit.
914 413 945 472 ls
958 409 1173 473 animadvertit

130 512 270 559 sororem
297 512 384 555 suam
410 495 450 554 de
475 495 600 554 fratrum
625 500 724 553 morte
747 509 810 553 non
831 488 1035 568 laborantem,
1062 493 1173 572 sponsi
1267 484 1268 545 Ῐ

128 589 233 641 autem
252 595 364 639 nornen
385 578 591 652 appellantem
611 568 780 636 identidem
794 574 917 639 Curiatii
932 592 1001 638 cum
1015 579 1127 650 gemitu
1142 587 1173 641 et

129 660 358 723 lamentatione.
389 658 518 735 Indigna
538 676 655 737 passus
668 657 817 734 virginem
834 657 956 719 occidit.
979 660 1171 723 Accusatur.
1267 684 1268 687 ¹

131 744 182 808 79.
202 743 332 806 Intentio
358 751 420 816 est=
446 742 560 804 Iniuria
584 758 723 805 sororem
748 740 899 803 occidisti.
934 741 1082 817 Depulsio
1109 752 1171 804 est:

130 832 200 889 lure
215 827 325 889 occidi·
358 825 503 900 Quaestio
519 835 581 886 est:
607 826 718 886 Iurene
733 823 889 886 occiderit.
924 824 1014 886 Ratio
1031 831 1092 886 est:
1117 826 1174 887 Illa

128 911 213 973 enim
233 910 369 972 hostium
389 918 519 972 mortem
538 909 678 984 lugebat,
704 906 830 970 fratrum
856 907 1045 984 negligebat3
1072 925 1122 968 me
1143 917 1174 970 et

130 996 281 1070 populum
294 995 467 1057 Romanum
485 991 602 1054 vicisse
622 993 753 1053 moleste
768 992 894 1052 ferebat.
926 988 1093 1073 Infirmatio
1109 1001 1172 1052 est:

130 1080 244 1138 Tamen
260 1096 279 1138 a
293 1079 385 1138 fratre
399 1076 605 1137 indemnatam
619 1073 724 1135 necari
737 1090 800 1137 non
817 1073 963 1150 oportuit.
988 1075 1036 1135 le
1051 1091 1114 1151 qua
1125 1074 1173 1135 iu-

127 1161 244 1222 dicatio
259 1162 307 1221 lit:
323 1161 422 1234 Quum
431 1159 559 1221 Horatia
571 1160 697 1219 fratrum
707 1166 836 1219 mortem
846 1158 1023 1235 negligeret,
1039 1156 1175 1222 hostium

129 1247 263 1319 lugeret,
298 1242 400 1304 fratris
426 1251 457 1303 et
480 1241 590 1318 populi
613 1240 745 1302 Romani
768 1241 899 1303 victoria
924 1257 986 1302 non
1014 1243 1173 1316 gauderet,
1267 1238 1268 1309 J

121 1326 340 1402 oponueritne
360 1344 428 1386 earn
451 1342 470 1385 a
485 1327 576 1386 fratre
591 1324 798 1386 indemnatam
813 1324 940 1387 necarit
967 1325 1090 1386 XXVII.
1105 1326 1173 1387 Hoc
1267 1360 1268 1385 3

128 1410 161 1470 in
175 1426 289 1483 genere
303 1427 417 1471 causae
432 1409 572 1484 primum,
589 1408 617 1469 si
631 1408 707 1483 quid
721 1423 761 1468 ex
776 1407 906 1470 caeteris
921 1408 1044 1470 dabitur
1058 1408 1174 1470 consti·

129 1491 309 1565 tutioribus,
321 1492 401 1551 sumi
412 1490 575 1566 oportebit,
588 1491 678 1550 sicuti
688 1489 720 1549 in
732 1490 962 1568 comparatione
972 1501 1172 1566 praeceptum

132 1580 196 1645 est3
219 1581 339 1648 postea,
355 1573 382 1632 si
397 1589 460 1648 qua
474 1573 605 1632 facultas
620 1572 685 1642 orit,
702 1588 759 1646 per
771 1572 909 1646 aliquam
925 1572 1174 1635 constitutionem
1267 1622 1268 1631 ,

131 1655 232 1723 illum,
251 1655 282 1716 in
299 1672 392 1732 quem
406 1654 520 1715 crimen
535 1655 752 1728 transferetur,
763 1700 764 1703 ,
774 1655 958 1727 defendere;
982 1655 1034 1718 80.
1050 1654 1172 1728 deinde,

131 1738 231 1799 levius
247 1755 319 1800 esse
334 1739 425 1811 illud,
448 1739 533 1813 quod
547 1736 579 1797 in
593 1737 723 1801 alterum
737 1746 898 1813 peccatum
912 1754 985 1799 reus
1000 1741 1173 1813 transferat,

132 1839 224 1898 quarn
241 1823 326 1898 quod
340 1821 408 1897 ipse
424 1819 611 1896 suscepere
627 1828 739 1896 postea
753 1820 964 1882 translationis
979 1821 1119 1898 partibus
1130 1820 1174 1884 uti
1267 1870 1268 1873 ,

130 1914 163 1966 et
178 1906 352 1978 ostendere,
367 1922 387 1964 a
402 1921 463 1980 quo
479 1912 510 1966 et
521 1920 578 1980 per
593 1921 673 1978 quos
688 1910 720 1969 et
735 1920 797 1980 quo
812 1906 905 1965 modo
919 1914 950 1966 et
959 1922 1023 1981 quo
1034 1914 1176 1981 tempore

130 1997 184 2050 aut
203 1989 253 2063 agi
274 1996 327 2050 aut
340 1986 469 2051 iudicari
484 1996 539 2048 aut
551 1987 643 2048 statui
657 1988 697 2047 de
712 2003 751 2047 ea
762 1988 800 2048 rei
813 1987 1005 2060 convenerit3
1032 2006 1069 2049 ac
1085 1989 1174 2050 simul
1267 2026 1268 2029 =

131 2073 297 2132 ostendere
317 2088 379 2134 non
400 2070 578 2147 oportuisse
597 2078 669 2133 ante
681 2069 885 2147 supplicium,
901 2089 1004 2147 ,quarn
1017 2071 1173 2145 iudicium,
1267 2120 1268 2125 1

130 2154 338 2230 interponere.
373 2155 449 2215 Turn
473 2153 560 2230 leges
586 2169 713 2230 quoque
739 2163 770 2214 et
793 2153 908 2216 iudicio
934 2156 1176 2219 demonstranda

132 2248 220 2311 sunt,
242 2253 299 2314 per
313 2253 394 2313 quae
407 2235 542 2314 potuerit
555 2236 587 2297 id
602 2244 779 2312 peccatum,
805 2238 890 2313 quod
905 2245 1016 2313 sponte
1031 2255 1089 2300 sua
1101 2255 1175 2299 reus

130 2320 259 2398 punitus
274 2321 322 2395 sit,
343 2321 480 2382 moribus
495 2329 526 2383 et
539 2318 654 2381 iudicio
667 2318 826 2381 vindicari·
853 2321 972 2383 Deinde
989 2337 1105 2397 negare
1122 2339 1176 2386 au·
1267 2320 1268 2325 ’

131 2404 190 2465 diri
205 2413 349 2481 oportere
369 2403 411 2478 id,
429 2404 514 2480 quod
527 2403 559 2464 in
573 2402 794 2465 cum‘criminis
809 2406 993 2477 conferatur,
1015 2405 1055 2465 de
1071 2418 1133 2480 quo
1148 2405 1178 2465 Is
1267 2388 1268 2435 1

130 2487 216 2564 ipse,
240 2486 293 2564 qui
308 2489 455 2561 conferat,
477 2485 623 2548 iudicium
637 2485 865 2561 fierivnoluerit3
889 2495 920 2548 et
933 2487 974 2560 id,
998 2489 1083 2564 quod
1097 2487 1175 2557 iudi-

131 2578 233 2631 catum
247 2586 309 2632 non
325 2571 379 2644 sit,
400 2586 458 2647 pro
472 2569 586 2632 infecto
602 2568 710 2630 haberi
729 2577 887 2644 oportere:
920 2569 971 2634 81.
993 2579 1105 2646 postea
1120 2572 1174 2630 im·
1267 2606 1268 2609 =

132 2653 309 2728 pudentiain
333 2655 550 2731 demonstrare
559 2669 681 2726 eorum,
709 2652 762 2729 qui
776 2669 845 2715 eum
859 2652 1041 2730 nuno'apud
1056 2655 1175 2717 iudices

132 2744 297 2810 accusent,
322 2752 413 2812 quern
435 2735 503 2797 sine
517 2736 671 2799 iudicibus
686 2734 749 2810 ipsi
763 2736 1011 2813 condemnarint,
1036 2740 1120 2800 etde
1137 2756 1174 2800 eo

132 2817 280 2878 indictum
301 2817 428 2890 faciant,
454 2819 494 2878 de
516 2833 578 2893 quo
598 2817 661 2877 iam
681 2816 742 2892 ipsi
766 2820 952 2896 supplicium
977 2821 1174 2899 sumpserint.
1267 2817 1268 2820 ’

132 2900 245 2961 Postea
264 2900 525 2976 perturbationem
545 2898 651 2959 iudicii
676 2901 808 2962 futuram
834 2900 973 2967 dicemus
998 2915 1030 2966 et
1054 2904 1175 2968 iudices
1267 2898 1268 2901 '

133 2982 268 3060 longius,
284 2999 377 3059 quam
391 2989 575 3059 potestatem
590 2983 733 3059 habeant,
748 3001 981 3062 progressuros,
996 2986 1024 3047 si
1040 2987 1131 3050 simul
1146 3000 1177 3050 et
1267 3004 1268 3007 ’

132 3072 175 3134 de
188 3088 243 3132 reo
262 3078 294 3131 et
313 3070 353 3130 de
373 3086 428 3145 eo,
451 3086 543 3145 quem
556 3086 632 3130 reus
648 3075 769 3145 arguat,
791 3068 971 3144 iudicarint;
997 3070 1125 3144 deinde,
1148 3071 1175 3130 si

132 3154 195 3215 hoe
210 3153 412 3217 constitutum
427 3153 480 3228 sit,
499 3160 534 3214 ut
546 3160 677 3230 peccata
690 3153 831 3214 homines
846 3153 985 3228 peccans
1002 3160 1033 3213 et
1046 3152 1174 3215 iniurias

132 3236 253 3300 iniuriis
274 3235 478 3312 ulciscantur,
504 3243 652 3312 quantum
670 3233 936 3300 incommodorum
951 3249 1175 3317 consequatur;

134 3323 214 3383 acsi
229 3321 313 3382 idem
327 3321 431 3382 facere
444 3318 529 3396 ipse,
551 3318 605 3396 qui
618 3334 701 3381 nuno
715 3327 857 3393 accusat,
879 3321 1040 3397 voluisset,
1062 3338 1101 3380 ne
1116 3323 1177 3378 hoo

132 3404 260 3477 quidem
278 3403 350 3481 ipso
372 3402 541 3481 quidquam
562 3420 642 3480 opus
663 3401 761 3465 fuisse
775 3400 905 3474 iudici0;
932 3407 1047 3464 sivero
1064 3399 1179 3459 caeteri

179 3501 275 3548 crore.
289 3489 313 3548 1.
937 3494 970 3543 ll
