2575 3892
334 217 450 278 LlBER
472 216 525 277 lv.
549 218 633 278 CAP.
657 226 777 282 ta-tt-
800 227 827 289 i·
850 225 972 282 tte-at,
1126 220 1163 282 91

34 338 40 363 l

33 392 35 457 ζ
123 382 1171 460 periculaputabit,saepeipsesecumloquetur:Noumihisoli,sed

124 467 320 542 etiamatque
328 469 408 527 adeo
416 469 511 527 multo
521 468 625 543 potius
634 474 725 528 natus
734 485 801 528 sam
808 467 1027 543 patriamne,
1036 485 1118 544 quae
1126 471 1170 531 la·

122 558 158 611 to
169 551 309 623 debetur,
318 550 411 611 saluti
422 550 541 626 patriae
548 549 743 627 potissimum
755 552 906 613 solvatur.
919 550 1006 611 Aluit
1012 552 1089 612 haec
1101 570 1169 627 me;

122 641 194 694 tute
206 640 299 708 atque
311 635 443 695 honeste
455 634 603 711 produxit
613 651 717 709 usque
729 635 770 695 ad
781 635 861 695 hanc
873 640 1022 706 aetatcm;
1039 637 1170 698 munivit

124 733 214 777 meas
230 715 367 778 rationes
380 717 473 780 bonis
487 719 616 794 legibue,
635 719 760 794 optimis
776 717 926 788 moribus,
939 717 1168 781 honestissimis

125 800 310 876 disciplinis.
326 802 404 877 Quid
420 809 478 874 est,
492 803 576 876 quod
591 820 609 861 a
622 819 671 862 me
684 802 796 863 satisei
811 800 949 878 persolvi
961 801 1073 877 possit,
1085 804 1170 863 unde

124 883 1169 961 haeeaccepiSiigiturhaecloquetursecumsapienssaepe,egoin

124 967 273 1043 periculis
284 969 330 1030 rei
341 969 485 1044 publicae
496 973 592 1030 ullum
603 970 850 1046 ipsepericulum
859 967 1007 1043 fugitent
1022 967 1096 1029 Item
1105 984 1170 1029 mu-

124 1059 207 1112 tatur
220 1067 272 1111 res
287 1051 464 1125 tractando,
486 1050 513 1111 si
526 1050 697 1112 traducitur
711 1051 751 1110 ad
766 1049 1055 1123 exsuscitationem,
1072 1067 1168 1126 quum

124 1143 156 1194 et
172 1150 231 1195 nos
246 1132 390 1194 commoti
405 1132 509 1194 dicere
523 1133 698 1206 videamur,
719 1141 750 1193 ct
764 1131 913 1194 auditoris
929 1131 1062 1193 animum
1083 1149 1166 1194 com·
1210 1207 1214 1214 Ι

123 1233 296 1290 movemus
310 1216 370 1276 sic:
386 1215 461 1290 Quis
473 1225 521 1277 est
533 1225 593 1278 tam
603 1216 688 1277 tenui
700 1216 885 1292 cogitatione
895 1216 1064 1292 praeditae,
1077 1217 1166 1278 cuius

124 1300 246 1362 animus
262 1300 353 1362 tantis
369 1299 519 1375 angustiis
530 1299 666 1360 invidiae
679 1299 860 1372 continetur,
876 1300 929 1375 qui
943 1317 1004 1360 non
1016 1300 1097 1360 hunc
1109 1301 1164 1361 ho·

124 1384 239 1444 minem
254 1383 483 1445 studiosissime
503 1385 607 1444 laudet
627 1393 658 1444 et
679 1383 940 1459 sapientissimum
960 1383 1089 1457 iudicet,
1112 1381 1165 1460 qui

126 1482 184 1542 pro
201 1468 300 1528 salute
310 1466 437 1542 patriae,
452 1484 509 1542 pro
521 1465 729 1527 incolumitate
741 1466 881 1540 civitatis,
897 1484 953 1542 pro
965 1466 1010 1527 rei
1022 1465 1165 1542 publicae

128 1549 260 1610 fortunis
283 1549 424 1624 quamvis
445 1565 589 1623 magnum
609 1558 703 1623 atque
725 1558 811 1609 atrox
833 1551 1004 1623 periculum
1025 1549 1164 1611 studiose

128 1632 282 1707 suscipiat
296 1639 326 1693 et
340 1631 471 1692 libenter
485 1632 616 1691 subeat?
634 1631 787 1705 Equidem
801 1633 882 1692 huuc
897 1633 1051 1693 hominem
1065 1633 1163 1708 magis

127 1715 221 1792 cupio
237 1715 312 1775 satis
326 1714 453 1774 laudare
490 1730 583 1788 quam
596 1730 741 1788 possum,
767 1714 911 1789 idemque
925 1715 985 1774 hoc
1001 1723 1084 1775 certo
1098 1716 1163 1775 scio

126 1798 219 1861 vobis
245 1797 386 1859 omnibus
406 1814 467 1858 usu
488 1796 603 1856 venire.
639 1795 690 1857 56.
704 1797 819 1856 Eadem
833 1813 884 1857 res
899 1797 990 1872 igitur
1003 1797 1052 1857 his
1067 1795 1164 1857 tribus

127 1883 156 1943 in
174 1880 307 1943 dicendo
324 1880 558 1942 commutabitur
571 1880 685 1954 rebus,
707 1879 824 1951 verbis,
841 1881 1079 1956 pronuntiando,
1105 1888 1164 1941 tra-

127 1965 257 2035 ctand03
275 1965 332 2025 sed
347 1964 505 2025 tractando
522 1962 692 2040 dupliciter,
708 1963 965 2024 sermocinatione
980 1972 1011 2024 et
1025 1964 1161 2024 exsusci-

61 2056 63 2058 ’
127 2050 251 2110 tatione.
289 2048 351 2108 Sed
374 2048 413 2108 de
429 2048 538 2107 eadem
550 2064 585 2109 re
600 2065 694 2123 quum
710 2046 864 2120 dicemus,
891 2046 1030 2123 pluribus
1045 2057 1165 2108 utemur

128 2130 426 2193 commutationibus.
461 2130 538 2190 Nam
568 2147 663 2204 quum
688 2145 753 2188 rem
778 2129 958 2205 simpliciter
982 2129 1160 2204 pronuntia-

127 2214 240 2288 rimus,
266 2213 417 2276 rationem
430 2214 599 2290 poterimus
615 2212 783 2284 subiicere;
810 2213 922 2273 deiude
938 2213 1100 2289 dupliciter
1112 2215 1164 2272 val
1266 2216 1267 2255 ³

128 2299 196 2359 sine
216 2296 387 2359 rationibus
402 2299 452 2358 vel
467 2315 536 2358 cum
550 2296 719 2358 rationibus
735 2294 951 2371 pronuntiare3
983 2296 1095 2357 deinde
1109 2298 1163 2355 ad-
1263 2304 1266 2381 ἑ

128 2385 207 2442 lerre
223 2381 409 2443 contrarium
422 2417 458 2426 -
473 2382 512 2441 de
528 2380 640 2456 quibus
656 2380 796 2441 omuibus
811 2379 945 2440 diximus
957 2379 987 2440 iu
1000 2381 1164 2439 verborum

128 2465 380 2527 exornationibus
394 2464 576 2536 -;deinde
589 2464 687 2524 simile
699 2474 728 2525 et
740 2466 966 2539 exemplum—
979 2465 1092 2538 dequo
1106 2479 1163 2522 suo
1251 2462 1256 2471 '

128 2550 196 2609 loco
217 2552 306 2624 plura
326 2547 530 2611 dicemus-·.
561 2549 665 2609 XLIV.
669 2548 804 2621 deinde
820 2546 1106 2629 conclusionem
1125 2547 1165 2606 de
1249 2610 1252 2619 ,

129 2649 189 2707 qua
203 2631 235 2690 in
251 2633 388 2693 secundo
405 2633 499 2706 libro,
522 2649 602 2707 quae
618 2612 697 2706 opus
700 2626 850 2705 luerunt,
873 2614 1022 2704 diximuS,
1037 2632 1163 2692 demon
1247 2628 1254 2647 ¹

130 2723 262 2774 strantes
282 2724 473 2789 argumentat
473 2715 576 2775 ionem
596 2716 855 2788 quemadmodum
869 2715 1055 2775 concludere
1071 2731 1164 2788 opor-

129 2804 199 2855 teat.
218 2830 254 2839 -
278 2797 323 2872 [ln
343 2798 404 2856 hoc
425 2797 502 2857 libro
517 2796 695 2869 docuimus,
716 2795 889 2856 cuiusmodi
904 2805 988 2857 esset
1003 2796 1163 2856 exornatio

128 2877 231 2950 verbi,
256 2877 307 2937 cui
326 2878 518 2937 conclusioni
539 2895 652 2937 nomen
673 2879 741 2955 est]
776 2879 857 2952 Ergo
879 2877 1056 2939 huiusmodi
1070 2878 1165 2947 vehe-

129 2968 247 3021 menter
268 2968 374 3020 ornata
387 2969 442 3039 pot
432 2959 499 3021 terit
514 2976 589 3033 esse
599 2960 763 3034 expolitio,
787 2976 867 3035 quae
882 2958 1074 3023 constabit
1049 2979 1088 3022 ex
1103 2962 1164 3023 tre*

104 3036 315 3141 “quenlibii‘s
318 3038 574 3106 exornalionibus
601 3044 761 3105 verborum
783 3053 813 3104 et
835 3045 1061 3107 sententiarum
1096 3048 1165 3109 Hoc
1239 3044 1244 3053 '

128 3129 221 3191 inodo
242 3127 334 3204 igitur
353 3137 472 3205 septem
492 3116 632 3204 partibus
654 3128 839 3189 tractabitur
872 3127 936 3190 Sed
960 3131 998 3190 ab
1024 3130 1165 3192 eiusdem
1239 3126 1243 3167 ²

129 3211 300 3274 sententiae
321 3229 383 3273 non
398 3212 580 3273 recedamus
595 3212 754 3288 exemplo,
779 3221 813 3273 ut
827 3212 907 3273 scire
922 3213 1045 3289 possis,
1071 3231 1165 3290 quam

130 3295 218 3356 lacilo
240 3295 459 3372 praeceptione
474 3294 645 3358 rhetoricae
660 3312 711 3356 res
727 3295 859 3372 simplex
873 3298 947 3359 mult
936 3297 1031 3373 tiplici
1045 3298 1165 3357 ratione

130 3386 273 3439 tractetur
281 3376 363 3441 ·.57
380 3378 511 3455 Sapiens
526 3380 641 3440 nullum
657 3395 713 3454 pro
727 3395 762 3441 re
773 3379 897 3456 publica
908 3380 1078 3454 periculum
1087 3375 1165 3432 vita

131 3459 188 3533 bit,
203 3460 274 3522 ideo
290 3463 374 3538 quod
390 3463 548 3541 saepest
563 3471 611 3535 ut,
627 3479 721 3537 quum
737 3478 792 3538 pio
807 3479 842 3523 re
856 3462 980 3536 publica
993 3455 1094 3531 perire
1108 3467 1166 3510 no·
