2575 3892
107 188 148 253 88
445 185 498 244 AD
523 180 810 243 omnitenentem

108 356 225 418 amicos
247 362 340 427 atque
354 350 505 422 inimicos,
523 356 616 410 notos
631 352 726 424 atque
740 348 865 425 ignotos
880 348 1060 422 incursans,
1077 350 1167 412 alio·
1230 395 1231 398 η

108 458 174 501 rum
198 440 310 498 samem
331 437 539 512 depeculatus,
565 432 696 493 eliorum
723 440 816 507 caput
844 447 1046 508 oppugnans,
1076 435 1167 494 aiio·

108 540 174 585 ruur
199 523 324 582 domum
344 529 440 596 atque
460 534 583 580 omnem
597 517 742 577 inmiiinm
762 516 975 613 perfringens,
999 516 1161 577 funditus-

109 624 170 683 que
192 606 393 667 labefactans.
438 604 554 679 Quare,
576 600 711 672 iudices,
739 599 841 662 circite
864 616 937 662 eum
955 602 995 663 de
1017 599 1161 674 civitate,

109 692 239 755 liberate
260 706 369 752 omnes
392 688 572 759 formidine;
606 685 698 746 vobis
726 684 861 760 denique
883 685 961 760 ipsis
989 685 1160 745 consulite.

110 777 185 836 Nem
199 774 225 834 si
241 774 333 836 istum
353 773 536 850 impunitum
551 769 743 841 dimiseritis,
764 769 795 830 in
810 776 935 830 vosmet
955 768 1059 844 ipsos,
1080 769 1160 828 mihi

109 859 240 932 credite,
262 861 359 918 ieram
375 866 407 919 et
421 859 624 918 truculentam
639 852 785 923 bestium,
801 852 934 925 iudices,
954 852 1158 914 immiseritis

109 943 200 1006 item:
230 945 306 1006 Nam
320 943 354 1011 ⁴si
376 941 511 1014 dehoc,
533 939 669 1009 iudiceS,
690 953 818 1014 gravem
838 936 1024 998 sententiam
1051 936 1160 999 tuleri-

108 1027 163 1099 tis,
187 1044 248 1087 uno
270 1026 384 1087 iudicio
406 1024 497 1086 simul
522 1024 636 1084 mnitos
659 1019 881 1096 iugulaveritis.
926 1020 1059 1081 Grandis
1079 1027 1161 1080 natu
1233 1078 1239 1089 ,

111 1119 241 1181 parens,
269 1102 357 1164 cuius
378 1118 452 1178 spes
474 1100 641 1164 senectutis
663 1099 764 1162 omnis
783 1099 814 1159 in
835 1098 927 1160 huius
941 1101 1158 1163 adolescentia

112 1185 215 1261 posito
230 1195 288 1258 est,
303 1202 400 1261 quare
415 1184 488 1245 velit
501 1186 533 1244 in
548 1184 611 1244 vitu
625 1201 760 1255 manere,
775 1200 837 1244 non
852 1182 992 1255 habebit3
1008 1183 1061 1243 filii
1080 1202 1156 1261 pur-

113 1269 158 1342 vi,
185 1268 296 1345 privati
317 1267 413 1343 patris
428 1267 559 1338 auxilio,
586 1267 717 1327 ludibrio
733 1275 763 1327 et
778 1266 939 1341 despectui
953 1266 1090 1342 paternis
1106 1268 1155 1329 in·
1233 1296 1238 1307 ·

112 1352 211 1413 imieis
226 1359 315 1412 erunt
329 1349 481 1426 oppositi,
497 1358 562 1410 totn
576 1352 688 1410 domus
702 1349 795 1410 huius
807 1350 935 1425 indigno
946 1348 1085 1411 concidet
1098 1368 1155 1411 ca-

114 1436 262 1507 ismitate;
278 1441 309 1494 at
323 1432 437 1493 inimici
449 1431 551 1494 stetim
563 1433 800 1507 sanguinolento
809 1435 921 1508 palme,
936 1432 1155 1495 crudelissima

114 1518 242 1581 victorin
263 1515 367 1592 potiti,
394 1516 584 1577 insultabunt
603 1516 634 1577 in
649 1516 759 1577 horum
773 1515 915 1577 miserius
931 1525 961 1578 et
976 1516 1102 1591 superbi
1117 1536 1153 1580 re

113 1601 203 1662 simui
225 1609 256 1660 et
276 1600 380 1660 verbis
400 1600 594 1661 invehentur.
630 1602 721 1661 item:
746 1600 823 1660 Nam
845 1599 997 1661 neminem
1011 1601 1151 1661 vestrdm
1258 1660 1259 1665 ,

114 1684 203 1760 iugit,
226 1682 374 1758 Quirites,
396 1684 472 1744 urbe
487 1692 579 1760 capte
594 1700 675 1759 ques
689 1683 832 1745 miseriae
846 1682 998 1758 consequi
1013 1685 1150 1745 sciendi:

114 1785 197 1829 orma
220 1767 273 1844 qui
294 1776 402 1829 contro
422 1768 568 1841 tulerunt,
595 1766 698 1830 statim
718 1766 931 1828 crudelissime
944 1766 1149 1838 trucidantur;

114 1851 241 1926 caeteri,
263 1852 315 1927 qui
330 1859 465 1927 possunt
478 1868 534 1925 per
547 1860 678 1912 aetatem
693 1859 723 1910 et
736 1850 819 1910 vires
834 1850 970 1912 laborem
985 1851 1080 1925 ferre,
1101 1867 1142 1911 rn-

114 1936 237 2010 piuntur
250 1935 281 1993 in
297 1935 491 2004 servitutem
515 1934 568 2009 qui
583 1949 646 1994 non
660 1942 803 2009 possunt,
817 1932 882 1994 vite
895 1932 1070 2008 privernum
1085 1952 1147 1996 uno

113 2016 248 2090 denique
269 2025 363 2092 atque
385 2016 496 2079 eodem
517 2025 657 2091 ternpore
677 2016 788 2077 domus
803 2016 908 2079 hostili
922 2015 1033 2092 flagrat
1045 2018 1147 2079 incen-

113 2100 180 2173 dio,
205 2109 236 2159 et
258 2115 338 2175 quos
353 2109 462 2160 notum
477 2110 529 2160 eut
542 2102 687 2162 voluntas
703 2099 932 2162 necessitudine
956 2110 988 2163 et
1014 2102 1148 2163 benevo-

112 2183 205 2244 lentia
227 2181 402 2256 coniunxit,
428 2182 652 2255 distrahuntur,
678 2183 766 2245 liberi
780 2183 891 2259 purtim
905 2201 923 2244 e
938 2185 1062 2259 gremiis
1077 2185 1148 2246 diri·

112 2267 238 2343 piuntur
258 2274 434 2343 parentum,
461 2267 623 2342 partimin
644 2267 716 2329 sinu
736 2267 926 2343 iugulentur,
952 2268 1064 2343 partim
1078 2278 1148 2329 ente

112 2352 212 2427 pedes
227 2358 475 2427 constuprentur.
509 2352 621 2425 Nemo,
647 2350 783 2425 iudices,
804 2358 867 2424 est,
889 2350 943 2427 qui
956 2351 1057 2426 possit
1072 2352 1147 2413 satis

113 2453 177 2495 renn
199 2434 352 2511 consequi
366 2435 471 2496 verbis
486 2450 544 2495 nec
558 2434 674 2495 referre
689 2435 828 2497 oratione
843 2434 1081 2510 magnitudinem
1096 2452 1146 2494 cc-

111 2518 264 2578 inmitatis.
287 2519 356 2581 Hoc
370 2533 483 2592 genere
498 2518 709 2579 exornationis
723 2520 774 2579 vei
787 2516 957 2593 indignatio
967 2521 1018 2578 vei
1027 2516 1146 2577 miseri·

112 2599 219 2664 cordia
248 2607 352 2676 potest
378 2600 581 2675 commoveri,
614 2618 710 2679 quum
734 2617 786 2663 res
811 2610 1040 2678 consequentes
1064 2616 1146 2662 com·

110 2684 284 2761 prehensos
304 2684 469 2747 universae
494 2686 663 2762 perspicua
685 2684 820 2746 breviter
844 2686 1055 2761 exprimuntur
1080 2701 1146 2745 ora·

110 2768 204 2832 tione.

188 2854 250 2915 XL.
272 2853 323 2916 52.
337 2851 455 2914 Divisio
471 2861 534 2925 est,
551 2870 647 2929 quae,
662 2868 728 2912 rem
743 2868 909 2912 semovens
924 2853 963 2912 ab
977 2869 1020 2924 re,
1035 2859 1146 2911 utrum-

38 2970 40 3001 ÷
112 2954 173 3010 que
189 2930 468 3009 absolvitss'rutione
482 2930 632 3010 subiecta,
647 2936 708 2998 hoc
723 2937 832 2999 modo=
849 2936 908 2995 Cur
923 2952 981 3011 ego
997 2949 1078 2996 nunc
1093 2931 1147 2994 tibi

39 3046 41 3099 ,
111 3019 282 3091 quidquam
296 3020 461 3080 obiiciam?
482 3019 515 3079 Si
529 3022 647 3095 probus
662 3036 714 3093 es,
735 3036 797 3082 non
812 3018 966 3089 meruisti3
991 3018 1019 3079 si
1032 3016 1146 3091 impie

109 3100 179 3169 bus,
191 3115 254 3159 non
267 3104 512 3163 commovebere.
533 3103 625 3163 item:
641 3102 721 3176 Quid
733 3118 814 3163 nunc
826 3117 884 3178 ego
893 3103 932 3162 de
940 3101 1017 3162 meis
1025 3114 1145 3177 prome·

42 3200 51 3233 κ
109 3179 178 3241 ritis
198 3182 397 3254 praedicent
420 3184 454 3245 Si
475 3184 672 3259 meministis,
698 3186 880 3257 obtundem;
905 3185 933 3244 si
954 3184 1040 3247 obiiti
1060 3182 1146 3256 estiS,

42 3220 53 3327 i.
111 3276 206 3336 quum
220 3279 255 3322 re
271 3262 346 3322 nihii
361 3267 492 3340 egerim,
516 3267 591 3342 quid
606 3277 655 3329 est
684 3270 772 3343 quod
784 3267 890 3328 verbis
904 3269 1058 3343 proficere
1072 3282 1145 3340 pos·

50 3372 62 3383 =·
110 3342 189 3401 suns
214 3344 306 3435 Item:
327 3345 414 3404 Duae
427 3364 480 3407 res
494 3360 579 3420 sunt,
602 3367 684 3423 quae
697 3358 832 3426 possunt
844 3349 986 3413 homines
1001 3351 1041 3409 nd
1056 3357 1146 3422 tur-pe

58 3462 62 3471 .
111 3424 328 3495 compendium
345 3440 552 3502 commovere,
565 3431 673 3505 inopia
686 3440 780 3507 atque
795 3431 932 3492 avaritie„
961 3432 1004 3490 Te
1018 3446 1146 3491 uvarum
