2575 3892
366 173 530 272 omnen.
552 212 634 270 cnr.
648 220 766 273 rc-ao.
785 218 943 278 §.m-ar.
1128 212 1168 274 27

135 386 218 432 mors
234 367 361 442 indigna
371 361 543 424 Palamedis
561 360 768 438 testimonium
779 362 839 422 dat.
868 363 950 437 Ergo
962 371 993 422 et
1003 372 1102 424 metus
1115 380 1169 437 pe-

134 452 221 514 riculi
232 451 410 512 hortabatur
421 462 490 506 eum
501 442 684 516 interimere,
696 460 715 503 a
727 460 788 519 quo
802 444 985 518 supplicium
996 446 1168 519 verebatur,

133 545 165 598 et
182 532 376 596 consuetudo
394 525 545 604 peccandi
562 524 703 587 maleficii
722 524 911 601 suscipiendi
927 529 1103 605 removebat
1114 531 1168 590 du-

133 617 323 679 bitationem.
366 611 418 672 29.
437 608 555 670 ›Omnes
586 605 667 670 enim
689 625 784 685 quum
806 605 931 672 minima
950 619 1078 684 peccata
1100 628 1170 673 cum

134 715 233 761 causa
243 693 425 771 suscipiunt,
442 701 589 755 tumvero
601 692 663 766 illa,
682 708 762 768 quae
773 692 868 753 multo
880 690 1012 752 maxima
1025 702 1096 754 sunt
1107 712 1169 754 ma-

134 780 253 852 leficia,
274 778 378 854 aliquo
399 785 483 840 certo
497 777 700 837 emolumento
713 772 829 836 inducti
841 773 1001 851 suscipere
1012 784 1176 851 conantur.-

136 864 170 924 Si
188 864 301 924 multos
317 859 437 922 induxit
452 858 487 920 in
501 867 663 934 peccatum
680 858 831 932 pecuniae
844 875 935 933 spes,
958 857 986 918 si
997 860 1171 933 complures

136 963 172 1007 se
194 947 314 1006 scelere
334 940 577 1014 contaminarunt
598 939 718 1017 imperii
739 939 920 1018 cupiditate,
950 939 976 1001 si
998 939 1084 1001 multi
1104 944 1172 1001 leve

118 1021 352 1106 'compendium
368 1027 477 1087 fraude
494 1024 627 1085 maxima
648 1031 884 1098 commutarunt,
906 1023 956 1085 cui
966 1023 1076 1085 mirum
1086 1022 1172 1096 vide-⁴

61 1127 65 1137 ’
134 1110 231 1183 bitur,
253 1111 345 1171 istum
362 1127 381 1172 a
397 1108 549 1170 maleficio
569 1117 697 1183 propter
713 1106 893 1170 acerrimam
905 1106 1098 1169 formidinem
1109 1121 1173 1169 ncn

135 1200 349 1268 temperasset
363 1190 471 1253 Virum
482 1189 690 1264 fortissimum,
702 1189 936 1266 integerrimum,
948 1188 1173 1256 inimicitiarum

133 1273 472 1352 persequentissimum,
485 1272 596 1336 iniuria
605 1273 791 1348 lacessitum,
811 1272 857 1331 ira
879 1274 1103 1335 exsuscitatum
1117 1272 1173 1335 ho-

134 1376 183 1419 mo
196 1359 331 1432 timidus,
349 1374 478 1432 nocens,
498 1358 643 1425 conscius
656 1356 705 1418 sui
717 1357 854 1433 peccati,
870 1354 1057 1430 insidiosus,
1073 1355 1173 1418 inimi-

135 1458 204 1501 eum
215 1442 401 1504 incolumem
411 1457 485 1502 esse
496 1438 603 1503 noluit:
612 1440 663 1501 ciri
674 1442 797 1503 tandem
808 1441 867 1501 hoc
879 1438 988 1501 mirum
998 1438 1174 1503 uidebiturs

134 1525 210 1583 llam
230 1541 324 1599 quum
343 1525 425 1584 feras
442 1522 560 1585 bestias
570 1524 731 1590 videamus
743 1526 862 1584 alacres
874 1532 905 1583 et
916 1531 1037 1586 erectas
1049 1526 1173 1595 vadere,

136 1612 289 1668 utalterae
299 1608 639 1679 bestiaenoceant,uon
652 1615 700 1667 est
711 1604 890 1667 incredibile
902 1609 1072 1683 putandum
1083 1604 1173 1668 istius

137 1704 263 1763 quoque
280 1686 414 1748 animum
431 1688 543 1759 lerum,
563 1686 721 1747 crudelem
736 1697 829 1761 atque
845 1686 1044 1751 inhumanum
1061 1688 1173 1763 cupide

115 1780 117 1784 ’
136 1769 177 1829 ad
195 1767 310 1827 inimici
326 1766 495 1841 perniciem
511 1768 697 1842 proiectum,
718 1770 901 1844 praesertim
919 1788 1013 1848 quum
1023 1771 1054 1829 in
1065 1769 1174 1830 bestiis

136 1852 251 1912 nullam
273 1865 375 1924 neque
397 1849 512 1910 bonam
528 1863 631 1924 neque
649 1852 760 1911 malam
776 1848 927 1913 rationem
939 1853 1120 1925 videamus,
1143 1850 1174 1910 iu

134 1933 195 1995 istc
208 1932 355 2008 plurimas
368 1940 398 1993 et
409 1931 563 2007 pessimas
573 1931 709 2012 rationes
717 1935 946 2011 semperiuisse
957 1934 1172 2010 intelligamus.

133 2016 184 2082 30.
200 2014 233 2075 Si
246 2030 320 2090 ergo
332 2013 488 2090 pollicitus
503 2032 570 2076 sum
580 2031 630 2075 me
640 2016 785 2078 daturum
797 2035 937 2092 causam,
957 2036 1020 2095 qua
1029 2016 1172 2088 inductus

99 2119 105 2128 ’
133 2098 241 2161 Ulixes
259 2096 428 2175 accesserit
446 2099 487 2158 ad
503 2098 702 2174 maleficium,
724 2108 757 2161 et
773 2100 802 2162 si
820 2100 1044 2164 inimicitiarum
1059 2101 1173 2162 acerri-

80 2195 82 2199 ·
134 2198 215 2243 mam
232 2180 381 2242 rationem
398 2189 428 2240 et
447 2179 573 2256 periculi
589 2190 703 2243 metum
719 2181 937 2250 intercessisse
953 2183 1173 2256 demonstravi,

133 2274 197 2317 non
223 2266 272 2318 est
294 2259 420 2321 dubium
445 2260 518 2336 quin
541 2262 725 2323 confiteatur
747 2278 874 2323 causam
899 2261 1041 2333 maleficii
1063 2263 1170 2324 luisse.

132 2342 214 2415 Ergo
231 2342 462 2403 absolutissima
483 2352 531 2407 est
552 2344 777 2421 argumentatio
797 2361 848 2416 ea,
870 2363 951 2422 quae
971 2362 1011 2405 ex
1033 2345 1171 2419 quinque

132 2425 272 2502 partibus
294 2434 430 2499 constat,
451 2430 508 2489 sed
526 2444 565 2489 ea
580 2446 643 2490 non
666 2446 790 2505 semper
804 2445 937 2492 necesse
959 2434 1008 2488 cst
1030 2428 1085 2488 uti.
1113 2430 1170 2489 Est

133 2525 227 2584 quum
242 2509 458 2586 complexione
472 2514 740 2589 supersedendum
756 2520 812 2584 est,
830 2513 857 2572 si
873 2530 925 2573 res
941 2509 1046 2572 brevis
1063 2519 1120 2584 est,
1136 2520 1171 2580 ut

133 2591 223 2652 lacile
238 2593 385 2654 memoria
400 2597 698 2672 comprehendatur3
723 2604 773 2657 est
791 2614 886 2672 quum
902 2595 1063 2657 exornatio
1078 2613 1167 2672 prae-

133 2675 327 2737 termittenda
341 2686 402 2750 est,
425 2679 451 2739 si
465 2697 576 2755 parum
591 2683 731 2756 locuples
747 2681 787 2740 ad
803 2680 1054 2758 amplificandum
1070 2687 1100 2740 et
1116 2697 1168 2740 ex·

132 2761 305 2818 ornandum
317 2777 368 2819 res
384 2763 507 2823 videtur
522 2779 604 2824 esse.
627 2764 681 2824 Sin
698 2771 728 2823 ct
744 2763 850 2823 brevis
867 2763 923 2823 erit
939 2763 1164 2837 argumentatio

132 2846 164 2898 et
180 2854 232 2897 res
246 2843 347 2901 tenuis
360 2852 412 2903 aut
423 2845 554 2915 humilia,
567 2853 631 2905 tum
645 2854 675 2906 et
687 2846 889 2905 exornatione
904 2853 935 2905 et
947 2843 1166 2917 complexione

131 2922 400 2996 supersedendum
416 2932 473 2985 est.
493 2929 527 2985 ln
540 2928 623 2986 omni
634 2928 899 3000 argumentatione
911 2928 950 2986 de
962 2926 1084 2986 duabus
1095 2943 1178 3002 par--

131 3005 212 3067 tibus
224 3007 391 3081 postremis
404 3007 490 3080 baec,
503 3025 594 3083 quam
610 3008 750 3084 exposui,
763 3008 842 3069 ratio
855 3016 903 3069 est
915 3010 1067 3070 habenda.
1082 3011 1164 3088 Ergo

131 3089 320 3168 amplissima
336 3099 385 3153 est
398 3092 622 3169 argumentatio
639 3091 888 3168 quinquepertita
893 3113 903 3166 ;
919 3092 1104 3155 brevissima
1116 3107 1164 3158 est

131 3170 291 3256 tripertitae
305 3176 471 3238 mediocris
483 3177 607 3238 sublata
615 3184 669 3238 aut
676 3177 877 3238 exornatione
888 3186 941 3239 aut
948 3178 1164 3255 complexione

134 3257 363 3333 quadripertita.
902 3302 904 3305 <

214 3344 278 3402 XX.
293 3342 343 3402 31.
360 3346 428 3405 Duo
444 3353 516 3405 sunt
526 3361 642 3421 genera
652 3344 834 3405 vitiosarum
846 3344 1162 3420 argumentationum:
1184 3400 1195 3426 4.

27 3471 29 3488 t
131 3427 370 3500 unumquodab
384 3425 877 3504 adtrersaiib'i‘eprehendipotest,
887 3429 918 3488 id
932 3421 1164 3511 quod‘pertinet
1181 3431 1198 3476 L
