<?xml version="1.0" encoding="UTF-8"?>
<!DOCTYPE html PUBLIC "-//W3C//DTD XHTML 1.0 Transitional//EN"
    "http://www.w3.org/TR/xhtml1/DTD/xhtml1-transitional.dtd">
<html xmlns="http://www.w3.org/1999/xhtml" xml:lang="en" lang="en">
 <head>
  <title>
</title>
<meta http-equiv="Content-Type" content="text/html;charset=utf-8" />
  <meta name='ocr-system' content='tesseract 3.04.00' />
  <meta name='ocr-capabilities' content='ocr_page ocr_carea ocr_par ocr_line ocrx_word'/>
</head>
<body>
  <div class='ocr_page' id='page_1' title='image "./mtulliiciceroni00friegoog_0118.png"; bbox 0 0 2575 3892; ppageno 0'>
   <div class='ocr_carea' id='block_1_1' title="bbox 118 208 815 275">
    <p class='ocr_par' dir='ltr' id='par_1_1' title="bbox 118 208 815 275">
     <span class='ocr_line' id='line_1_1' title="bbox 118 208 815 275; baseline -0.006 -1"><span class='ocrx_word' id='word_1_1' title='bbox 118 208 160 275; x_wconf 83' lang='grc'>70</span> <span class='ocrx_word' id='word_1_2' title='bbox 458 214 511 271; x_wconf 79' lang='lat' dir='ltr'>Ab</span> <span class='ocrx_word' id='word_1_3' title='bbox 536 211 567 271; x_wconf 85' lang='lat' dir='ltr'>C.</span> <span class='ocrx_word' id='word_1_4' title='bbox 587 211 815 272; x_wconf 59' lang='lat' dir='ltr'>miraturum</span> 
     </span>
    </p>
   </div>
   <div class='ocr_carea' id='block_1_2' title="bbox 115 360 1210 857">
    <p class='ocr_par' dir='ltr' id='par_1_2' title="bbox 115 360 1161 683">
     <span class='ocr_line' id='line_1_2' title="bbox 117 360 1161 439; baseline -0.001 -14"><span class='ocrx_word' id='word_1_5' title='bbox 117 364 216 439; x_wconf 80' lang='lat' dir='ltr'>Quum</span> <span class='ocrx_word' id='word_1_6' title='bbox 227 362 317 437; x_wconf 85' lang='lat' dir='ltr'>igitur</span> <span class='ocrx_word' id='word_1_7' title='bbox 323 364 400 424; x_wconf 86' lang='lat' dir='ltr'>haec</span> <span class='ocrx_word' id='word_1_8' title='bbox 409 361 512 425; x_wconf 91' lang='lat' dir='ltr'>omnia</span> <span class='ocrx_word' id='word_1_9' title='bbox 519 366 648 436; x_wconf 84' lang='lat' dir='ltr'>laceres,</span> <span class='ocrx_word' id='word_1_10' title='bbox 662 364 792 437; x_wconf 80' lang='lat' dir='ltr'>diceres,</span> <span class='ocrx_word' id='word_1_11' title='bbox 804 360 1043 434; x_wconf 75' lang='lat' dir='ltr'>administrares,</span> <span class='ocrx_word' id='word_1_12' title='bbox 1058 372 1161 424; x_wconf 87' lang='lat' dir='ltr'>utrum</span> 
     </span>
     <span class='ocr_line' id='line_1_3' title="bbox 117 444 1161 525; baseline 0 -17"><span class='ocrx_word' id='word_1_13' title='bbox 117 447 236 508; x_wconf 88' lang='lat' dir='ltr'>animos</span> <span class='ocrx_word' id='word_1_14' title='bbox 259 446 415 508; x_wconf 88' lang='lat' dir='ltr'>sociorum</span> <span class='ocrx_word' id='word_1_15' title='bbox 435 449 474 508; x_wconf 88' lang='lat' dir='ltr'>ab</span> <span class='ocrx_word' id='word_1_16' title='bbox 494 462 528 508; x_wconf 89' lang='lat' dir='ltr'>re</span> <span class='ocrx_word' id='word_1_17' title='bbox 548 446 673 525; x_wconf 88' lang='lat' dir='ltr'>publica</span> <span class='ocrx_word' id='word_1_18' title='bbox 693 446 875 508; x_wconf 88' lang='lat' dir='ltr'>removebas</span> <span class='ocrx_word' id='word_1_19' title='bbox 897 455 927 506; x_wconf 90' lang='lat' dir='ltr'>et</span> <span class='ocrx_word' id='word_1_20' title='bbox 950 444 1161 522; x_wconf 87' lang='lat' dir='ltr'>abalienabas,</span> 
     </span>
     <span class='ocr_line' id='line_1_4' title="bbox 115 525 1160 605; baseline 0 -15"><span class='ocrx_word' id='word_1_21' title='bbox 115 549 155 591; x_wconf 91' lang='lat' dir='ltr'>an</span> <span class='ocrx_word' id='word_1_22' title='bbox 171 536 255 592; x_wconf 81' lang='lat' dir='ltr'>nont</span> <span class='ocrx_word' id='word_1_23' title='bbox 276 538 307 591; x_wconf 87' lang='lat' dir='ltr'>et</span> <span class='ocrx_word' id='word_1_24' title='bbox 318 541 419 593; x_wconf 90' lang='lat' dir='ltr'>utrum</span> <span class='ocrx_word' id='word_1_25' title='bbox 433 531 568 603; x_wconf 81' lang='lat' dir='ltr'>aliquem</span> <span class='ocrx_word' id='word_1_26' title='bbox 583 527 707 588; x_wconf 87' lang='lat' dir='ltr'>exorari</span> <span class='ocrx_word' id='word_1_27' title='bbox 722 528 866 602; x_wconf 85' lang='lat' dir='ltr'>oportuit,</span> <span class='ocrx_word' id='word_1_28' title='bbox 884 527 937 604; x_wconf 88' lang='lat' dir='ltr'>qui</span> <span class='ocrx_word' id='word_1_29' title='bbox 950 528 1046 588; x_wconf 86' lang='lat' dir='ltr'>istaec</span> <span class='ocrx_word' id='word_1_30' title='bbox 1054 525 1160 605; x_wconf 79' lang='lat' dir='ltr'>prohi-</span> 
     </span>
     <span class='ocr_line' id='line_1_5' title="bbox 116 613 707 683; baseline -0.005 -9"><span class='ocrx_word' id='word_1_31' title='bbox 116 616 203 676; x_wconf 85' lang='lat' dir='ltr'>beret</span> <span class='ocrx_word' id='word_1_32' title='bbox 217 630 253 674; x_wconf 84' lang='lat' dir='ltr'>ac</span> <span class='ocrx_word' id='word_1_33' title='bbox 268 613 335 673; x_wconf 83' lang='lat' dir='ltr'>sieri</span> <span class='ocrx_word' id='word_1_34' title='bbox 350 629 412 674; x_wconf 91' lang='lat' dir='ltr'>non</span> <span class='ocrx_word' id='word_1_35' title='bbox 428 613 552 683; x_wconf 89' lang='lat' dir='ltr'>sineret,</span> <span class='ocrx_word' id='word_1_36' title='bbox 567 629 606 671; x_wconf 91' lang='lat' dir='ltr'>an</span> <span class='ocrx_word' id='word_1_37' title='bbox 622 620 707 673; x_wconf 80' lang='lat' dir='ltr'>nont</span> 
     </span>
    </p>

    <p class='ocr_par' dir='ltr' id='par_1_3' title="bbox 117 694 1210 857">
     <span class='ocr_line' id='line_1_6' title="bbox 195 694 1159 772; baseline 0.001 -15"><span class='ocrx_word' id='word_1_38' title='bbox 195 694 274 757; x_wconf 88' lang='lat' dir='ltr'><strong>XVI.</strong></span> <span class='ocrx_word' id='word_1_39' title='bbox 298 695 349 758; x_wconf 73' lang='grc'>23.</span> <span class='ocrx_word' id='word_1_40' title='bbox 364 695 569 757; x_wconf 67' lang='lat' dir='ltr'>Ratiocinatio</span> <span class='ocrx_word' id='word_1_41' title='bbox 585 704 648 769; x_wconf 88' lang='lat' dir='ltr'>est,</span> <span class='ocrx_word' id='word_1_42' title='bbox 674 712 730 771; x_wconf 88' lang='lat' dir='ltr'>per</span> <span class='ocrx_word' id='word_1_43' title='bbox 745 713 837 772; x_wconf 89' lang='lat' dir='ltr'>quam</span> <span class='ocrx_word' id='word_1_44' title='bbox 852 695 913 771; x_wconf 90' lang='lat' dir='ltr'>ipsi</span> <span class='ocrx_word' id='word_1_45' title='bbox 928 713 946 756; x_wconf 87' lang='lat' dir='ltr'>a</span> <span class='ocrx_word' id='word_1_46' title='bbox 961 696 1052 757; x_wconf 89' lang='lat' dir='ltr'>nobis</span> <span class='ocrx_word' id='word_1_47' title='bbox 1065 696 1159 758; x_wconf 88' lang='lat' dir='ltr'>ratio-</span> 
     </span>
     <span class='ocr_line' id='line_1_7' title="bbox 117 758 1210 857; baseline -0.001 -15"><span class='ocrx_word' id='word_1_48' title='bbox 117 797 188 842; x_wconf 90' lang='lat' dir='ltr'>nem</span> <span class='ocrx_word' id='word_1_49' title='bbox 202 758 377 857; x_wconf 56' lang='lat' dir='ltr'>poscimus,</span> <span class='ocrx_word' id='word_1_50' title='bbox 400 797 495 854; x_wconf 65' lang='lat' dir='ltr'>‹puare</span> <span class='ocrx_word' id='word_1_51' title='bbox 511 768 649 855; x_wconf 85' lang='lat' dir='ltr'>quidque</span> <span class='ocrx_word' id='word_1_52' title='bbox 664 778 818 851; x_wconf 87' lang='lat' dir='ltr'>dicamus,</span> <span class='ocrx_word' id='word_1_53' title='bbox 835 787 865 840; x_wconf 87' lang='lat' dir='ltr'>et</span> <span class='ocrx_word' id='word_1_54' title='bbox 879 780 988 842; x_wconf 89' lang='lat' dir='ltr'>crebro</span> <span class='ocrx_word' id='word_1_55' title='bbox 1005 789 1125 841; x_wconf 80' lang='lat' dir='ltr'><strong>nosmet</strong></span> <span class='ocrx_word' id='word_1_56' title='bbox 1141 797 1161 841; x_wconf 87' lang='lat' dir='ltr'>a</span> <span class='ocrx_word' id='word_1_57' title='bbox 1207 782 1210 787; x_wconf 84' lang='grc'><em>“</em></span> 
     </span>
    </p>
   </div>
   <div class='ocr_carea' id='block_1_3' title="bbox 114 862 1161 1528">
    <p class='ocr_par' dir='ltr' id='par_1_4' title="bbox 114 862 1161 1528">
     <span class='ocr_line' id='line_1_8' title="bbox 116 862 1158 940; baseline -0.003 -14"><span class='ocrx_word' id='word_1_58' title='bbox 116 864 207 926; x_wconf 88' lang='lat' dir='ltr'>nobis</span> <span class='ocrx_word' id='word_1_59' title='bbox 228 863 361 938; x_wconf 90' lang='lat' dir='ltr'>petimus</span> <span class='ocrx_word' id='word_1_60' title='bbox 384 863 475 925; x_wconf 89' lang='lat' dir='ltr'>unius</span> <span class='ocrx_word' id='word_1_61' title='bbox 491 862 643 938; x_wconf 88' lang='lat' dir='ltr'>cuiusque</span> <span class='ocrx_word' id='word_1_62' title='bbox 658 862 882 938; x_wconf 80' lang='lat' dir='ltr'>propositionis</span> <span class='ocrx_word' id='word_1_63' title='bbox 899 862 1158 940; x_wconf 78' lang='lat' dir='ltr'>explanationem.</span> 
     </span>
     <span class='ocr_line' id='line_1_9' title="bbox 115 946 1160 1023; baseline 0 -13"><span class='ocrx_word' id='word_1_64' title='bbox 115 951 161 1010; x_wconf 87' lang='lat' dir='ltr'>Ea</span> <span class='ocrx_word' id='word_1_65' title='bbox 175 956 223 1009; x_wconf 84' lang='lat' dir='ltr'>est</span> <span class='ocrx_word' id='word_1_66' title='bbox 237 946 428 1009; x_wconf 89' lang='lat' dir='ltr'>huiusmodi:</span> <span class='ocrx_word' id='word_1_67' title='bbox 448 947 582 1008; x_wconf 82' lang='lat' dir='ltr'>Maiores</span> <span class='ocrx_word' id='word_1_68' title='bbox 598 947 694 1007; x_wconf 84' lang='lat' dir='ltr'>nostri</span> <span class='ocrx_word' id='word_1_69' title='bbox 711 948 738 1008; x_wconf 91' lang='lat' dir='ltr'>si</span> <span class='ocrx_word' id='word_1_70' title='bbox 753 962 845 1022; x_wconf 87' lang='lat' dir='ltr'>quam</span> <span class='ocrx_word' id='word_1_71' title='bbox 860 946 951 1009; x_wconf 89' lang='lat' dir='ltr'>unius</span> <span class='ocrx_word' id='word_1_72' title='bbox 963 948 1160 1023; x_wconf 88' lang='lat' dir='ltr'>peccatimu-</span> 
     </span>
     <span class='ocr_line' id='line_1_10' title="bbox 118 1030 1161 1108; baseline -0.001 -15"><span class='ocrx_word' id='word_1_73' title='bbox 118 1033 222 1093; x_wconf 86' lang='lat' dir='ltr'>lierem</span> <span class='ocrx_word' id='word_1_74' title='bbox 243 1031 443 1107; x_wconf 82' lang='lat' dir='ltr'>damnabant,</span> <span class='ocrx_word' id='word_1_75' title='bbox 470 1030 601 1108; x_wconf 83' lang='lat' dir='ltr'>simplici</span> <span class='ocrx_word' id='word_1_76' title='bbox 620 1031 735 1092; x_wconf 92' lang='lat' dir='ltr'>iudicio</span> <span class='ocrx_word' id='word_1_77' title='bbox 757 1032 919 1092; x_wconf 87' lang='lat' dir='ltr'>multorum</span> <span class='ocrx_word' id='word_1_78' title='bbox 939 1031 1161 1092; x_wconf 81' lang='lat' dir='ltr'>maleficiorum</span> 
     </span>
     <span class='ocr_line' id='line_1_11' title="bbox 117 1114 1159 1191; baseline 0.001 -16"><span class='ocrx_word' id='word_1_79' title='bbox 117 1114 290 1175; x_wconf 85' lang='lat' dir='ltr'>convictam</span> <span class='ocrx_word' id='word_1_80' title='bbox 305 1116 461 1191; x_wconf 89' lang='lat' dir='ltr'>putabant.</span> <span class='ocrx_word' id='word_1_81' title='bbox 485 1116 550 1189; x_wconf 79' lang='lat' dir='ltr'>Quo</span> <span class='ocrx_word' id='word_1_82' title='bbox 566 1122 680 1191; x_wconf 79' lang='lat' dir='ltr'>pactot</span> <span class='ocrx_word' id='word_1_83' title='bbox 696 1114 850 1190; x_wconf 89' lang='lat' dir='ltr'>quoniam,</span> <span class='ocrx_word' id='word_1_84' title='bbox 866 1132 959 1191; x_wconf 85' lang='lat' dir='ltr'>quant</span> <span class='ocrx_word' id='word_1_85' title='bbox 972 1114 1159 1191; x_wconf 85' lang='lat' dir='ltr'>impudicam</span> 
     </span>
     <span class='ocr_line' id='line_1_12' title="bbox 116 1199 1159 1276; baseline -0.007 -11"><span class='ocrx_word' id='word_1_86' title='bbox 116 1203 307 1276; x_wconf 87' lang='lat' dir='ltr'>iudicarant,</span> <span class='ocrx_word' id='word_1_87' title='bbox 339 1220 376 1264; x_wconf 90' lang='lat' dir='ltr'>ea</span> <span class='ocrx_word' id='word_1_88' title='bbox 405 1200 547 1261; x_wconf 86' lang='lat' dir='ltr'>veneficii</span> <span class='ocrx_word' id='word_1_89' title='bbox 576 1215 703 1275; x_wconf 87' lang='lat' dir='ltr'>quoque</span> <span class='ocrx_word' id='word_1_90' title='bbox 733 1204 878 1262; x_wconf 87' lang='lat' dir='ltr'>damnata</span> <span class='ocrx_word' id='word_1_91' title='bbox 916 1199 1159 1262; x_wconf 80' lang='lat' dir='ltr'>existimabatur.</span> 
     </span>
     <span class='ocr_line' id='line_1_13' title="bbox 116 1284 1160 1361; baseline -0.005 -13"><span class='ocrx_word' id='word_1_92' title='bbox 116 1288 195 1360; x_wconf 79' lang='lat' dir='ltr'>Quid</span> <span class='ocrx_word' id='word_1_93' title='bbox 210 1287 272 1348; x_wconf 83' lang='lat' dir='ltr'>ita?</span> <span class='ocrx_word' id='word_1_94' title='bbox 289 1286 362 1361; x_wconf 82' lang='lat' dir='ltr'>quia</span> <span class='ocrx_word' id='word_1_95' title='bbox 376 1300 509 1346; x_wconf 88' lang='lat' dir='ltr'>necesse</span> <span class='ocrx_word' id='word_1_96' title='bbox 522 1290 570 1344; x_wconf 87' lang='lat' dir='ltr'>est</span> <span class='ocrx_word' id='word_1_97' title='bbox 585 1300 662 1355; x_wconf 81' lang='lat' dir='ltr'>eam</span> <span class='ocrx_word' id='word_1_98' title='bbox 675 1300 755 1359; x_wconf 88' lang='lat' dir='ltr'>quae</span> <span class='ocrx_word' id='word_1_99' title='bbox 771 1301 863 1346; x_wconf 90' lang='lat' dir='ltr'>suum</span> <span class='ocrx_word' id='word_1_100' title='bbox 878 1300 994 1360; x_wconf 91' lang='lat' dir='ltr'>corpus</span> <span class='ocrx_word' id='word_1_101' title='bbox 1006 1284 1160 1345; x_wconf 86' lang='lat' dir='ltr'>addixerit</span> 
     </span>
     <span class='ocr_line' id='line_1_14' title="bbox 114 1367 1159 1448; baseline -0.004 -16"><span class='ocrx_word' id='word_1_102' title='bbox 114 1371 314 1448; x_wconf 86' lang='lat' dir='ltr'>turpissimae</span> <span class='ocrx_word' id='word_1_103' title='bbox 329 1367 504 1445; x_wconf 87' lang='lat' dir='ltr'>cupiditati,</span> <span class='ocrx_word' id='word_1_104' title='bbox 525 1367 632 1428; x_wconf 88' lang='lat' dir='ltr'>timere</span> <span class='ocrx_word' id='word_1_105' title='bbox 656 1369 781 1429; x_wconf 90' lang='lat' dir='ltr'>multos.</span> <span class='ocrx_word' id='word_1_106' title='bbox 814 1367 900 1442; x_wconf 81' lang='lat' dir='ltr'>Quos</span> <span class='ocrx_word' id='word_1_107' title='bbox 916 1368 1016 1429; x_wconf 80' lang='lat' dir='ltr'>istos?</span> <span class='ocrx_word' id='word_1_108' title='bbox 1041 1369 1159 1441; x_wconf 82' lang='lat' dir='ltr'>Virum,</span> 
     </span>
     <span class='ocr_line' id='line_1_15' title="bbox 114 1452 1157 1528; baseline 0.004 -18"><span class='ocrx_word' id='word_1_109' title='bbox 114 1459 275 1526; x_wconf 80' lang='lat' dir='ltr'>parenteS,</span> <span class='ocrx_word' id='word_1_110' title='bbox 302 1460 458 1525; x_wconf 86' lang='lat' dir='ltr'>caeteros,</span> <span class='ocrx_word' id='word_1_111' title='bbox 483 1453 524 1510; x_wconf 90' lang='lat' dir='ltr'>ad</span> <span class='ocrx_word' id='word_1_112' title='bbox 545 1469 625 1528; x_wconf 88' lang='lat' dir='ltr'>quos</span> <span class='ocrx_word' id='word_1_113' title='bbox 647 1452 731 1514; x_wconf 89' lang='lat' dir='ltr'>videt</span> <span class='ocrx_word' id='word_1_114' title='bbox 753 1453 801 1514; x_wconf 90' lang='lat' dir='ltr'>sui</span> <span class='ocrx_word' id='word_1_115' title='bbox 823 1455 986 1516; x_wconf 87' lang='lat' dir='ltr'>dedecoris</span> <span class='ocrx_word' id='word_1_116' title='bbox 1002 1454 1157 1516; x_wconf 79' lang='lat' dir='ltr'>infamiam</span> 
     </span>
    </p>
   </div>
   <div class='ocr_carea' id='block_1_4' title="bbox 113 1532 1262 1613">
    <p class='ocr_par' dir='ltr' id='par_1_5' title="bbox 113 1532 1262 1613">
     <span class='ocr_line' id='line_1_16' title="bbox 113 1532 1262 1613; baseline 0.007 -22"><span class='ocrx_word' id='word_1_117' title='bbox 113 1532 278 1608; x_wconf 88' lang='lat' dir='ltr'>pertinere.</span> <span class='ocrx_word' id='word_1_118' title='bbox 311 1533 389 1606; x_wconf 81' lang='lat' dir='ltr'>Quid</span> <span class='ocrx_word' id='word_1_119' title='bbox 405 1542 537 1609; x_wconf 76' lang='lat' dir='ltr'>posteat</span> <span class='ocrx_word' id='word_1_120' title='bbox 552 1553 631 1611; x_wconf 90' lang='lat' dir='ltr'>quos</span> <span class='ocrx_word' id='word_1_121' title='bbox 647 1544 808 1613; x_wconf 88' lang='lat' dir='ltr'>tantopere</span> <span class='ocrx_word' id='word_1_122' title='bbox 823 1538 936 1611; x_wconf 86' lang='lat' dir='ltr'>timeat,</span> <span class='ocrx_word' id='word_1_123' title='bbox 952 1556 1007 1599; x_wconf 89' lang='lat' dir='ltr'>eos</span> <span class='ocrx_word' id='word_1_124' title='bbox 1024 1554 1156 1599; x_wconf 87' lang='lat' dir='ltr'>necesse</span> <span class='ocrx_word' id='word_1_125' title='bbox 1261 1540 1262 1567; x_wconf 71' lang='lat'><em>³</em></span> 
     </span>
    </p>
   </div>
   <div class='ocr_carea' id='block_1_5' title="bbox 111 1620 1160 2780">
    <p class='ocr_par' dir='ltr' id='par_1_6' title="bbox 111 1620 1160 2780">
     <span class='ocr_line' id='line_1_17' title="bbox 114 1620 1158 1698; baseline 0.005 -22"><span class='ocrx_word' id='word_1_126' title='bbox 114 1624 227 1689; x_wconf 79' lang='lat' dir='ltr'>estut,</span> <span class='ocrx_word' id='word_1_127' title='bbox 244 1620 475 1693; x_wconf 85' lang='lat' dir='ltr'>quoquomodo</span> <span class='ocrx_word' id='word_1_128' title='bbox 487 1621 597 1695; x_wconf 92' lang='lat' dir='ltr'>possit,</span> <span class='ocrx_word' id='word_1_129' title='bbox 612 1621 765 1682; x_wconf 85' lang='lat' dir='ltr'>veneficio</span> <span class='ocrx_word' id='word_1_130' title='bbox 777 1630 870 1697; x_wconf 83' lang='lat' dir='ltr'>petat.</span> <span class='ocrx_word' id='word_1_131' title='bbox 894 1623 975 1682; x_wconf 76' lang='lat' dir='ltr'>Curt</span> <span class='ocrx_word' id='word_1_132' title='bbox 990 1622 1063 1698; x_wconf 90' lang='lat' dir='ltr'>quia</span> <span class='ocrx_word' id='word_1_133' title='bbox 1073 1624 1158 1681; x_wconf 91' lang='lat' dir='ltr'>nulla</span> 
     </span>
     <span class='ocr_line' id='line_1_18' title="bbox 115 1700 1157 1782; baseline 0.007 -22"><span class='ocrx_word' id='word_1_134' title='bbox 115 1708 217 1773; x_wconf 75' lang='lat' dir='ltr'>potest</span> <span class='ocrx_word' id='word_1_135' title='bbox 237 1700 368 1762; x_wconf 87' lang='lat' dir='ltr'>honesta</span> <span class='ocrx_word' id='word_1_136' title='bbox 388 1702 465 1764; x_wconf 88' lang='lat' dir='ltr'>ratio</span> <span class='ocrx_word' id='word_1_137' title='bbox 480 1704 611 1764; x_wconf 89' lang='lat' dir='ltr'>retinere</span> <span class='ocrx_word' id='word_1_138' title='bbox 627 1721 710 1778; x_wconf 90' lang='lat' dir='ltr'>eam,</span> <span class='ocrx_word' id='word_1_139' title='bbox 737 1722 830 1780; x_wconf 87' lang='lat' dir='ltr'>quam</span> <span class='ocrx_word' id='word_1_140' title='bbox 845 1705 1020 1782; x_wconf 80' lang='lat' dir='ltr'>magnitudo</span> <span class='ocrx_word' id='word_1_141' title='bbox 1036 1706 1157 1781; x_wconf 90' lang='lat' dir='ltr'>peccati</span> 
     </span>
     <span class='ocr_line' id='line_1_19' title="bbox 116 1783 1156 1864; baseline 0.006 -21"><span class='ocrx_word' id='word_1_142' title='bbox 116 1783 187 1845; x_wconf 85' lang='lat' dir='ltr'>lacit</span> <span class='ocrx_word' id='word_1_143' title='bbox 200 1784 350 1859; x_wconf 88' lang='lat' dir='ltr'>timidam,</span> <span class='ocrx_word' id='word_1_144' title='bbox 378 1786 611 1864; x_wconf 90' lang='lat' dir='ltr'>intemperantia</span> <span class='ocrx_word' id='word_1_145' title='bbox 624 1790 788 1863; x_wconf 88' lang='lat' dir='ltr'>audacem,</span> <span class='ocrx_word' id='word_1_146' title='bbox 816 1799 923 1851; x_wconf 90' lang='lat' dir='ltr'>natura</span> <span class='ocrx_word' id='word_1_147' title='bbox 937 1789 1095 1850; x_wconf 91' lang='lat' dir='ltr'>muliebris</span> <span class='ocrx_word' id='word_1_148' title='bbox 1111 1788 1156 1849; x_wconf 89' lang='lat' dir='ltr'>in-</span> 
     </span>
     <span class='ocr_line' id='line_1_20' title="bbox 114 1866 1160 1948; baseline 0.007 -23"><span class='ocrx_word' id='word_1_149' title='bbox 114 1866 349 1929; x_wconf 88' lang='lat' dir='ltr'>consideratam.</span> <span class='ocrx_word' id='word_1_150' title='bbox 392 1869 494 1943; x_wconf 71' lang='lat' dir='ltr'>ouidi</span> <span class='ocrx_word' id='word_1_151' title='bbox 523 1871 664 1932; x_wconf 86' lang='lat' dir='ltr'>veneficii</span> <span class='ocrx_word' id='word_1_152' title='bbox 689 1875 862 1935; x_wconf 88' lang='lat' dir='ltr'>damnatam</span> <span class='ocrx_word' id='word_1_153' title='bbox 888 1872 962 1948; x_wconf 89' lang='lat' dir='ltr'>quid</span> <span class='ocrx_word' id='word_1_154' title='bbox 985 1873 1160 1945; x_wconf 79' lang='lat' dir='ltr'>putabanta</span> 
     </span>
     <span class='ocr_line' id='line_1_21' title="bbox 112 1949 1159 2032; baseline 0.008 -25"><span class='ocrx_word' id='word_1_155' title='bbox 112 1949 302 2023; x_wconf 91' lang='lat' dir='ltr'>Impudicam</span> <span class='ocrx_word' id='word_1_156' title='bbox 317 1970 442 2028; x_wconf 86' lang='lat' dir='ltr'>quoque</span> <span class='ocrx_word' id='word_1_157' title='bbox 454 1954 643 2016; x_wconf 88' lang='lat' dir='ltr'>necessario.</span> <span class='ocrx_word' id='word_1_158' title='bbox 667 1956 789 2030; x_wconf 72' lang='lat' dir='ltr'>Quare?</span> <span class='ocrx_word' id='word_1_159' title='bbox 803 1957 874 2032; x_wconf 90' lang='lat' dir='ltr'>quia</span> <span class='ocrx_word' id='word_1_160' title='bbox 885 1955 967 2015; x_wconf 89' lang='lat' dir='ltr'>nulla</span> <span class='ocrx_word' id='word_1_161' title='bbox 979 1953 1100 2014; x_wconf 78' lang='lat' dir='ltr'>facilius</span> <span class='ocrx_word' id='word_1_162' title='bbox 1115 1958 1159 2015; x_wconf 89' lang='lat' dir='ltr'>ad</span> 
     </span>
     <span class='ocr_line' id='line_1_22' title="bbox 113 2031 1157 2115; baseline 0.009 -26"><span class='ocrx_word' id='word_1_163' title='bbox 113 2031 145 2090; x_wconf 85' lang='lat' dir='ltr'>id</span> <span class='ocrx_word' id='word_1_164' title='bbox 159 2034 344 2095; x_wconf 82' lang='lat' dir='ltr'>maleficium</span> <span class='ocrx_word' id='word_1_165' title='bbox 358 2051 463 2109; x_wconf 90' lang='lat' dir='ltr'>causa,</span> <span class='ocrx_word' id='word_1_166' title='bbox 479 2055 572 2113; x_wconf 86' lang='lat' dir='ltr'>quam</span> <span class='ocrx_word' id='word_1_167' title='bbox 586 2039 684 2115; x_wconf 89' lang='lat' dir='ltr'>turpis</span> <span class='ocrx_word' id='word_1_168' title='bbox 700 2057 785 2101; x_wconf 87' lang='lat' dir='ltr'>amor</span> <span class='ocrx_word' id='word_1_169' title='bbox 798 2048 827 2100; x_wconf 90' lang='lat' dir='ltr'>et</span> <span class='ocrx_word' id='word_1_170' title='bbox 838 2038 1045 2112; x_wconf 87' lang='lat' dir='ltr'>intemperans</span> <span class='ocrx_word' id='word_1_171' title='bbox 1057 2035 1157 2098; x_wconf 92' lang='lat' dir='ltr'>libido</span> 
     </span>
     <span class='ocr_line' id='line_1_23' title="bbox 113 2119 1155 2196; baseline 0.004 -21"><span class='ocrx_word' id='word_1_172' title='bbox 113 2130 310 2178; x_wconf 88' lang='lat' dir='ltr'>commovere</span> <span class='ocrx_word' id='word_1_173' title='bbox 331 2119 446 2194; x_wconf 79' lang='lat' dir='ltr'>potuit3</span> <span class='ocrx_word' id='word_1_174' title='bbox 474 2138 568 2196; x_wconf 91' lang='lat' dir='ltr'>quum</span> <span class='ocrx_word' id='word_1_175' title='bbox 590 2123 678 2185; x_wconf 91' lang='lat' dir='ltr'>cuius</span> <span class='ocrx_word' id='word_1_176' title='bbox 701 2121 835 2185; x_wconf 91' lang='lat' dir='ltr'>mulieris</span> <span class='ocrx_word' id='word_1_177' title='bbox 850 2120 968 2182; x_wconf 88' lang='lat' dir='ltr'>animus</span> <span class='ocrx_word' id='word_1_178' title='bbox 984 2127 1072 2180; x_wconf 87' lang='lat' dir='ltr'>esset</span> <span class='ocrx_word' id='word_1_179' title='bbox 1086 2137 1155 2182; x_wconf 88' lang='lat' dir='ltr'>cor-</span> 
     </span>
     <span class='ocr_line' id='line_1_24' title="bbox 112 2200 1155 2283; baseline 0.004 -25"><span class='ocrx_word' id='word_1_180' title='bbox 112 2207 238 2274; x_wconf 79' lang='lat' dir='ltr'>ruptae,</span> <span class='ocrx_word' id='word_1_181' title='bbox 267 2200 334 2262; x_wconf 90' lang='lat' dir='ltr'>eius</span> <span class='ocrx_word' id='word_1_182' title='bbox 357 2220 471 2278; x_wconf 90' lang='lat' dir='ltr'>corpus</span> <span class='ocrx_word' id='word_1_183' title='bbox 493 2216 612 2268; x_wconf 87' lang='lat' dir='ltr'>castum</span> <span class='ocrx_word' id='word_1_184' title='bbox 633 2224 705 2268; x_wconf 85' lang='lat' dir='ltr'>esse</span> <span class='ocrx_word' id='word_1_185' title='bbox 721 2224 782 2269; x_wconf 90' lang='lat' dir='ltr'>non</span> <span class='ocrx_word' id='word_1_186' title='bbox 798 2213 991 2283; x_wconf 87' lang='lat' dir='ltr'>putaverunt.</span> <span class='ocrx_word' id='word_1_187' title='bbox 1029 2202 1109 2277; x_wconf 78' lang='lat' dir='ltr'>Quid</span> <span class='ocrx_word' id='word_1_188' title='bbox 1124 2204 1155 2263; x_wconf 90' lang='lat' dir='ltr'>in</span> 
     </span>
     <span class='ocr_line' id='line_1_25' title="bbox 111 2282 1153 2364; baseline 0.007 -24"><span class='ocrx_word' id='word_1_189' title='bbox 111 2282 210 2344; x_wconf 68' lang='lat' dir='ltr'>virle?</span> <span class='ocrx_word' id='word_1_190' title='bbox 220 2286 345 2347; x_wconf 90' lang='lat' dir='ltr'>Idemne</span> <span class='ocrx_word' id='word_1_191' title='bbox 357 2286 416 2348; x_wconf 88' lang='lat' dir='ltr'>hoc</span> <span class='ocrx_word' id='word_1_192' title='bbox 430 2289 659 2351; x_wconf 73' lang='lat' dir='ltr'>observabant?</span> <span class='ocrx_word' id='word_1_193' title='bbox 669 2289 804 2352; x_wconf 85' lang='lat' dir='ltr'>Minime.</span> <span class='ocrx_word' id='word_1_194' title='bbox 821 2289 899 2364; x_wconf 82' lang='lat' dir='ltr'>Quid</span> <span class='ocrx_word' id='word_1_195' title='bbox 911 2287 974 2349; x_wconf 69' lang='lat' dir='ltr'>ita?</span> <span class='ocrx_word' id='word_1_196' title='bbox 985 2288 1062 2362; x_wconf 79' lang='lat' dir='ltr'>Quia</span> <span class='ocrx_word' id='word_1_197' title='bbox 1069 2285 1153 2347; x_wconf 91' lang='lat' dir='ltr'>viros</span> 
     </span>
     <span class='ocr_line' id='line_1_26' title="bbox 112 2368 1152 2447; baseline 0.003 -20"><span class='ocrx_word' id='word_1_198' title='bbox 112 2368 153 2427; x_wconf 90' lang='lat' dir='ltr'>ad</span> <span class='ocrx_word' id='word_1_199' title='bbox 176 2384 272 2430; x_wconf 91' lang='lat' dir='ltr'>unum</span> <span class='ocrx_word' id='word_1_200' title='bbox 297 2372 443 2445; x_wconf 88' lang='lat' dir='ltr'>quodque</span> <span class='ocrx_word' id='word_1_201' title='bbox 468 2374 652 2434; x_wconf 85' lang='lat' dir='ltr'>maleficium</span> <span class='ocrx_word' id='word_1_202' title='bbox 677 2372 817 2447; x_wconf 77' lang='lat' dir='ltr'>singulae</span> <span class='ocrx_word' id='word_1_203' title='bbox 843 2372 1026 2446; x_wconf 90' lang='lat' dir='ltr'>cupiditates</span> <span class='ocrx_word' id='word_1_204' title='bbox 1048 2371 1152 2446; x_wconf 89' lang='lat' dir='ltr'>impel—</span> 
     </span>
     <span class='ocr_line' id='line_1_27' title="bbox 111 2452 1152 2529; baseline 0.001 -18"><span class='ocrx_word' id='word_1_205' title='bbox 111 2452 191 2511; x_wconf 82' lang='lat' dir='ltr'>lunt:</span> <span class='ocrx_word' id='word_1_206' title='bbox 207 2454 351 2515; x_wconf 88' lang='lat' dir='ltr'>mulieres</span> <span class='ocrx_word' id='word_1_207' title='bbox 367 2455 407 2513; x_wconf 91' lang='lat' dir='ltr'>ad</span> <span class='ocrx_word' id='word_1_208' title='bbox 422 2455 525 2515; x_wconf 89' lang='lat' dir='ltr'>omnia</span> <span class='ocrx_word' id='word_1_209' title='bbox 539 2455 689 2516; x_wconf 86' lang='lat' dir='ltr'>maleficia</span> <span class='ocrx_word' id='word_1_210' title='bbox 704 2452 858 2529; x_wconf 90' lang='lat' dir='ltr'>cupiditas</span> <span class='ocrx_word' id='word_1_211' title='bbox 873 2469 936 2514; x_wconf 88' lang='lat' dir='ltr'>una</span> <span class='ocrx_word' id='word_1_212' title='bbox 947 2454 1043 2517; x_wconf 92' lang='lat' dir='ltr'>ducit.</span> <span class='ocrx_word' id='word_1_213' title='bbox 1063 2457 1152 2515; x_wconf 85' lang='lat' dir='ltr'>Item:</span> 
     </span>
     <span class='ocr_line' id='line_1_28' title="bbox 111 2533 1152 2613; baseline 0.002 -19"><span class='ocrx_word' id='word_1_214' title='bbox 111 2533 196 2594; x_wconf 89' lang='lat' dir='ltr'>Bene</span> <span class='ocrx_word' id='word_1_215' title='bbox 211 2533 345 2595; x_wconf 87' lang='lat' dir='ltr'>maiores</span> <span class='ocrx_word' id='word_1_216' title='bbox 359 2534 457 2596; x_wconf 89' lang='lat' dir='ltr'>nostri</span> <span class='ocrx_word' id='word_1_217' title='bbox 472 2538 531 2597; x_wconf 89' lang='lat' dir='ltr'>hoc</span> <span class='ocrx_word' id='word_1_218' title='bbox 548 2544 813 2611; x_wconf 88' lang='lat' dir='ltr'>comparaverunt,</span> <span class='ocrx_word' id='word_1_219' title='bbox 827 2545 861 2596; x_wconf 89' lang='lat' dir='ltr'>ut</span> <span class='ocrx_word' id='word_1_220' title='bbox 874 2536 1030 2598; x_wconf 90' lang='lat' dir='ltr'>neminem</span> <span class='ocrx_word' id='word_1_221' title='bbox 1039 2553 1152 2613; x_wconf 81' lang='lat' dir='ltr'>regern,</span> 
     </span>
     <span class='ocr_line' id='line_1_29' title="bbox 113 2615 1152 2696; baseline -0.001 -19"><span class='ocrx_word' id='word_1_222' title='bbox 113 2632 205 2692; x_wconf 87' lang='lat' dir='ltr'>quem</span> <span class='ocrx_word' id='word_1_223' title='bbox 219 2615 312 2677; x_wconf 89' lang='lat' dir='ltr'>armis</span> <span class='ocrx_word' id='word_1_224' title='bbox 328 2616 493 2694; x_wconf 90' lang='lat' dir='ltr'>cepissent,</span> <span class='ocrx_word' id='word_1_225' title='bbox 510 2619 571 2679; x_wconf 87' lang='lat' dir='ltr'>vita</span> <span class='ocrx_word' id='word_1_226' title='bbox 583 2619 749 2695; x_wconf 88' lang='lat' dir='ltr'>privarent.</span> <span class='ocrx_word' id='word_1_227' title='bbox 784 2618 864 2694; x_wconf 77' lang='lat' dir='ltr'>Quid</span> <span class='ocrx_word' id='word_1_228' title='bbox 878 2619 940 2681; x_wconf 80' lang='lat' dir='ltr'>ilat</span> <span class='ocrx_word' id='word_1_229' title='bbox 960 2618 1047 2696; x_wconf 80' lang='lat' dir='ltr'>Quia,</span> <span class='ocrx_word' id='word_1_230' title='bbox 1062 2636 1152 2694; x_wconf 78' lang='lat' dir='ltr'>quam</span> 
     </span>
     <span class='ocr_line' id='line_1_30' title="bbox 112 2699 1151 2780; baseline 0 -19"><span class='ocrx_word' id='word_1_231' title='bbox 112 2699 337 2763; x_wconf 86' lang='lat' dir='ltr'>nobislortuna</span> <span class='ocrx_word' id='word_1_232' title='bbox 352 2702 529 2762; x_wconf 78' lang='lat' dir='ltr'>facultatem</span> <span class='ocrx_word' id='word_1_233' title='bbox 535 2702 684 2776; x_wconf 87' lang='lat' dir='ltr'>dedisset,</span> <span class='ocrx_word' id='word_1_234' title='bbox 697 2702 836 2780; x_wconf 83' lang='lat' dir='ltr'>iniquum</span> <span class='ocrx_word' id='word_1_235' title='bbox 851 2713 915 2765; x_wconf 89' lang='lat' dir='ltr'>erat</span> <span class='ocrx_word' id='word_1_236' title='bbox 926 2705 958 2765; x_wconf 92' lang='lat' dir='ltr'>in</span> <span class='ocrx_word' id='word_1_237' title='bbox 966 2722 1071 2767; x_wconf 88' lang='lat' dir='ltr'>eorum</span> <span class='ocrx_word' id='word_1_238' title='bbox 1079 2718 1151 2775; x_wconf 90' lang='lat' dir='ltr'>sup-</span> 
     </span>
    </p>
   </div>
   <div class='ocr_carea' id='block_1_6' title="bbox 112 2785 1232 2866">
    <p class='ocr_par' dir='ltr' id='par_1_7' title="bbox 112 2785 1232 2866">
     <span class='ocr_line' id='line_1_31' title="bbox 112 2785 1232 2866; baseline -0.004 -18"><span class='ocrx_word' id='word_1_239' title='bbox 112 2785 205 2862; x_wconf 86' lang='lat' dir='ltr'>plicio</span> <span class='ocrx_word' id='word_1_240' title='bbox 216 2802 410 2861; x_wconf 91' lang='lat' dir='ltr'>consumere,</span> <span class='ocrx_word' id='word_1_241' title='bbox 426 2803 505 2863; x_wconf 90' lang='lat' dir='ltr'>quos</span> <span class='ocrx_word' id='word_1_242' title='bbox 519 2789 628 2848; x_wconf 89' lang='lat' dir='ltr'>eadem</span> <span class='ocrx_word' id='word_1_243' title='bbox 643 2788 765 2849; x_wconf 83' lang='lat' dir='ltr'>fortuna</span> <span class='ocrx_word' id='word_1_244' title='bbox 778 2790 882 2866; x_wconf 89' lang='lat' dir='ltr'>paullo</span> <span class='ocrx_word' id='word_1_245' title='bbox 897 2798 968 2850; x_wconf 89' lang='lat' dir='ltr'>ante</span> <span class='ocrx_word' id='word_1_246' title='bbox 983 2789 1015 2848; x_wconf 89' lang='lat' dir='ltr'>in</span> <span class='ocrx_word' id='word_1_247' title='bbox 1030 2785 1153 2861; x_wconf 81' lang='lat' dir='ltr'>amplis·</span> <span class='ocrx_word' id='word_1_248' title='bbox 1226 2789 1232 2797; x_wconf 85' lang='lat'><em>&#39;</em></span> 
     </span>
    </p>
   </div>
   <div class='ocr_carea' id='block_1_7' title="bbox 110 2868 1156 3511">
    <p class='ocr_par' dir='ltr' id='par_1_8' title="bbox 110 2868 1156 3511">
     <span class='ocr_line' id='line_1_32' title="bbox 113 2868 1155 2948; baseline -0.001 -17"><span class='ocrx_word' id='word_1_249' title='bbox 113 2872 191 2935; x_wconf 89' lang='lat' dir='ltr'>simo</span> <span class='ocrx_word' id='word_1_250' title='bbox 215 2881 295 2936; x_wconf 88' lang='lat' dir='ltr'>statu</span> <span class='ocrx_word' id='word_1_251' title='bbox 308 2873 486 2935; x_wconf 80' lang='lat' dir='ltr'>collocarat.</span> <span class='ocrx_word' id='word_1_252' title='bbox 521 2872 615 2948; x_wconf 76' lang='lat' dir='ltr'>Quid,</span> <span class='ocrx_word' id='word_1_253' title='bbox 638 2873 724 2948; x_wconf 87' lang='lat' dir='ltr'>quod</span> <span class='ocrx_word' id='word_1_254' title='bbox 738 2873 909 2935; x_wconf 86' lang='lat' dir='ltr'>exercitum</span> <span class='ocrx_word' id='word_1_255' title='bbox 924 2882 1031 2934; x_wconf 87' lang='lat' dir='ltr'>contra</span> <span class='ocrx_word' id='word_1_256' title='bbox 1046 2868 1155 2930; x_wconf 63' lang='lat' dir='ltr'>duxit²</span> 
     </span>
     <span class='ocr_line' id='line_1_33' title="bbox 110 2951 1154 3032; baseline -0.003 -18"><span class='ocrx_word' id='word_1_257' title='bbox 110 2955 227 3016; x_wconf 90' lang='lat' dir='ltr'>Desino</span> <span class='ocrx_word' id='word_1_258' title='bbox 249 2955 436 3019; x_wconf 86' lang='lat' dir='ltr'>meminisse.</span> <span class='ocrx_word' id='word_1_259' title='bbox 479 2956 558 3032; x_wconf 78' lang='lat' dir='ltr'>Quid</span> <span class='ocrx_word' id='word_1_260' title='bbox 579 2956 641 3018; x_wconf 77' lang='lat' dir='ltr'>ilat</span> <span class='ocrx_word' id='word_1_261' title='bbox 666 2956 743 3031; x_wconf 84' lang='lat' dir='ltr'>Quia</span> <span class='ocrx_word' id='word_1_262' title='bbox 763 2957 822 3017; x_wconf 92' lang='lat' dir='ltr'>viri</span> <span class='ocrx_word' id='word_1_263' title='bbox 841 2957 928 3017; x_wconf 82' lang='lat' dir='ltr'>fortis</span> <span class='ocrx_word' id='word_1_264' title='bbox 950 2964 1011 3024; x_wconf 85' lang='lat' dir='ltr'>est,</span> <span class='ocrx_word' id='word_1_265' title='bbox 1039 2951 1154 3027; x_wconf 90' lang='lat' dir='ltr'>quide</span> 
     </span>
     <span class='ocr_line' id='line_1_34' title="bbox 111 3033 1154 3117; baseline 0.005 -27"><span class='ocrx_word' id='word_1_266' title='bbox 111 3034 241 3095; x_wconf 87' lang='lat' dir='ltr'>victoria</span> <span class='ocrx_word' id='word_1_267' title='bbox 255 3042 457 3114; x_wconf 89' lang='lat' dir='ltr'>contendant,</span> <span class='ocrx_word' id='word_1_268' title='bbox 481 3057 537 3102; x_wconf 88' lang='lat' dir='ltr'>eos</span> <span class='ocrx_word' id='word_1_269' title='bbox 552 3040 659 3102; x_wconf 88' lang='lat' dir='ltr'>hostes</span> <span class='ocrx_word' id='word_1_270' title='bbox 675 3050 800 3117; x_wconf 90' lang='lat' dir='ltr'>putare;</span> <span class='ocrx_word' id='word_1_271' title='bbox 829 3038 882 3116; x_wconf 90' lang='lat' dir='ltr'>qui</span> <span class='ocrx_word' id='word_1_272' title='bbox 898 3034 969 3096; x_wconf 85' lang='lat' dir='ltr'>victi</span> <span class='ocrx_word' id='word_1_273' title='bbox 992 3033 1071 3106; x_wconf 86' lang='lat' dir='ltr'>sint,</span> <span class='ocrx_word' id='word_1_274' title='bbox 1095 3050 1154 3095; x_wconf 87' lang='lat' dir='ltr'>eos</span> 
     </span>
     <span class='ocr_line' id='line_1_35' title="bbox 111 3115 1155 3199; baseline 0.005 -28"><span class='ocrx_word' id='word_1_275' title='bbox 111 3115 252 3178; x_wconf 87' lang='lat' dir='ltr'>homines</span> <span class='ocrx_word' id='word_1_276' title='bbox 267 3120 412 3196; x_wconf 89' lang='lat' dir='ltr'>iudicare,</span> <span class='ocrx_word' id='word_1_277' title='bbox 428 3132 462 3184; x_wconf 91' lang='lat' dir='ltr'>ut</span> <span class='ocrx_word' id='word_1_278' title='bbox 476 3122 577 3199; x_wconf 91' lang='lat' dir='ltr'>possit</span> <span class='ocrx_word' id='word_1_279' title='bbox 591 3124 706 3187; x_wconf 89' lang='lat' dir='ltr'>bellum</span> <span class='ocrx_word' id='word_1_280' title='bbox 721 3124 867 3185; x_wconf 83' lang='lat' dir='ltr'>fortitudo</span> <span class='ocrx_word' id='word_1_281' title='bbox 882 3120 1029 3191; x_wconf 89' lang='lat' dir='ltr'>minuere,</span> <span class='ocrx_word' id='word_1_282' title='bbox 1043 3132 1155 3193; x_wconf 87' lang='lat' dir='ltr'>pacem</span> 
     </span>
     <span class='ocr_line' id='line_1_36' title="bbox 111 3198 1156 3279; baseline 0.004 -26"><span class='ocrx_word' id='word_1_283' title='bbox 111 3198 284 3260; x_wconf 90' lang='lat' dir='ltr'>humanitas</span> <span class='ocrx_word' id='word_1_284' title='bbox 305 3221 428 3278; x_wconf 83' lang='lat' dir='ltr'>augere.</span> <span class='ocrx_word' id='word_1_285' title='bbox 463 3207 504 3265; x_wconf 87' lang='lat' dir='ltr'>At</span> <span class='ocrx_word' id='word_1_286' title='bbox 523 3205 589 3278; x_wconf 88' lang='lat' dir='ltr'>ille,</span> <span class='ocrx_word' id='word_1_287' title='bbox 617 3207 644 3266; x_wconf 92' lang='lat' dir='ltr'>si</span> <span class='ocrx_word' id='word_1_288' title='bbox 665 3206 807 3279; x_wconf 86' lang='lat' dir='ltr'>vicisset,</span> <span class='ocrx_word' id='word_1_289' title='bbox 822 3223 895 3266; x_wconf 89' lang='lat' dir='ltr'>num</span> <span class='ocrx_word' id='word_1_290' title='bbox 909 3202 991 3269; x_wconf 87' lang='lat' dir='ltr'>idem</span> <span class='ocrx_word' id='word_1_291' title='bbox 1006 3201 1156 3262; x_wconf 64' lang='lat' dir='ltr'>lecisset?</span> 
     </span>
     <span class='ocr_line' id='line_1_37' title="bbox 110 3276 1156 3363; baseline 0.01 -31"><span class='ocrx_word' id='word_1_292' title='bbox 110 3276 179 3334; x_wconf 88' lang='lat' dir='ltr'>Non</span> <span class='ocrx_word' id='word_1_293' title='bbox 194 3281 334 3350; x_wconf 84' lang='lat' dir='ltr'>prolecto</span> <span class='ocrx_word' id='word_1_294' title='bbox 350 3295 411 3344; x_wconf 86' lang='lat' dir='ltr'>tam</span> <span class='ocrx_word' id='word_1_295' title='bbox 426 3288 552 3360; x_wconf 88' lang='lat' dir='ltr'>sapiens</span> <span class='ocrx_word' id='word_1_296' title='bbox 569 3288 690 3349; x_wconf 88' lang='lat' dir='ltr'>luisset.</span> <span class='ocrx_word' id='word_1_297' title='bbox 715 3287 774 3349; x_wconf 83' lang='lat' dir='ltr'>Gur</span> <span class='ocrx_word' id='word_1_298' title='bbox 787 3288 880 3363; x_wconf 82' lang='lat' dir='ltr'>igitur</span> <span class='ocrx_word' id='word_1_299' title='bbox 894 3288 923 3347; x_wconf 91' lang='lat' dir='ltr'>ei</span> <span class='ocrx_word' id='word_1_300' title='bbox 938 3284 1064 3362; x_wconf 72' lang='lat' dir='ltr'>parcis?</span> <span class='ocrx_word' id='word_1_301' title='bbox 1078 3281 1156 3356; x_wconf 79' lang='lat' dir='ltr'>Quia</span> 
     </span>
     <span class='ocr_line' id='line_1_38' title="bbox 111 3358 1155 3449; baseline 0.011 -37"><span class='ocrx_word' id='word_1_302' title='bbox 111 3358 203 3414; x_wconf 89' lang='lat' dir='ltr'>talem</span> <span class='ocrx_word' id='word_1_303' title='bbox 218 3360 374 3449; x_wconf 77' lang='lat' dir='ltr'>stultitiam</span> <span class='ocrx_word' id='word_1_304' title='bbox 389 3377 596 3441; x_wconf 86' lang='lat' dir='ltr'>contemnere,</span> <span class='ocrx_word' id='word_1_305' title='bbox 611 3386 674 3430; x_wconf 91' lang='lat' dir='ltr'>non</span> <span class='ocrx_word' id='word_1_306' title='bbox 689 3368 799 3431; x_wconf 87' lang='lat' dir='ltr'>imitari</span> <span class='ocrx_word' id='word_1_307' title='bbox 814 3369 974 3429; x_wconf 91' lang='lat' dir='ltr'>consuevi.</span> <span class='ocrx_word' id='word_1_308' title='bbox 1002 3366 1055 3428; x_wconf 77' lang='lat'>24.</span> <span class='ocrx_word' id='word_1_309' title='bbox 1067 3366 1155 3425; x_wconf 86' lang='lat' dir='ltr'>Haec</span> 
     </span>
     <span class='ocr_line' id='line_1_39' title="bbox 110 3441 1154 3511; baseline 0.012 -20"><span class='ocrx_word' id='word_1_310' title='bbox 110 3444 270 3496; x_wconf 81' lang='lat' dir='ltr'>exornatio</span> <span class='ocrx_word' id='word_1_311' title='bbox 286 3441 326 3497; x_wconf 89' lang='lat' dir='ltr'>ad</span> <span class='ocrx_word' id='word_1_312' title='bbox 342 3459 515 3506; x_wconf 88' lang='lat' dir='ltr'>sermonem</span> <span class='ocrx_word' id='word_1_313' title='bbox 530 3451 728 3511; x_wconf 88' lang='lat' dir='ltr'>vehementer</span> <span class='ocrx_word' id='word_1_314' title='bbox 742 3451 974 3510; x_wconf 88' lang='lat' dir='ltr'>accommodata</span> <span class='ocrx_word' id='word_1_315' title='bbox 989 3457 1037 3508; x_wconf 89' lang='lat' dir='ltr'>est</span> <span class='ocrx_word' id='word_1_316' title='bbox 1049 3458 1079 3508; x_wconf 89' lang='lat' dir='ltr'>et</span> <span class='ocrx_word' id='word_1_317' title='bbox 1090 3445 1154 3506; x_wconf 88' lang='lat' dir='ltr'>ani-</span> 
     </span>
    </p>
   </div>
   <div class='ocr_carea' id='block_1_8' title="bbox 0 0 1292 3892">
    <p class='ocr_par' dir='ltr' id='par_1_9' title="bbox 0 0 1292 3892">
     <span class='ocr_line' id='line_1_40' title="bbox 0 0 1292 3892; baseline 0 3"><span class='ocrx_word' id='word_1_318' title='bbox 0 0 1292 3892; x_wconf 95' lang='lat' dir='ltr'> </span> 
     </span>
    </p>
   </div>
  </div>
 </body>
</html>
