2575 3892
125 160 177 214 105
379 147 495 209 LIBER
506 148 542 206 11.
559 149 642 208 cnr.
657 159 700 211 59.
717 156 911 218 §.175-178.
1106 147 1168 212 207

125 284 264 380 penando
281 299 434 376 oportebit
448 317 510 362 non
525 308 600 373 tam,
626 302 750 376 quaein
767 288 967 377 corpoream
981 301 1012 360 in
1027 301 1174 362 extrariis*

125 388 218 446 rebus
233 385 374 445 habuerit
388 385 424 455 is,
447 385 486 444 de
502 398 564 458 quo
581 393 697 460 agetur,
720 401 811 459 quarn
828 402 889 459 quo
904 391 995 460 paeto
1010 384 1059 444 his
1073 385 1168 444 rebus

125 486 203 531 usus
225 471 273 530 sit.
302 469 378 528 Nem
398 468 550 529 fortunam
571 468 695 542 quidem
715 476 745 528 et
765 469 891 528 laudare
906 469 1032 529 stultitia
1047 476 1078 529 et
1091 468 1169 528 vitu-

125 569 236 629 perare
258 551 404 627 superbia
424 557 488 622 θεὶς
510 551 602 610 animi
616 559 717 612 autern
732 559 763 613 et
776 554 844 613 laus
859 552 991 612 honesta
1005 558 1036 610 et
1048 553 1168 626 vitupe-
1263 606 1264 611 ,

124 638 201 697 ratio
223 636 389 696 vehemens
413 643 470 698 est.
502 635 589 694 Nunc
611 637 755 711 quoniam
778 651 869 696 omne
889 634 919 695 in
940 650 1054 696 causae
1068 650 1167 710 genus

125 720 357 795 argumentandi
371 721 448 780 ratio
460 718 571 780 tradita
585 726 641 794 esi,
658 721 696 779 de
711 721 895 794 inventione,
911 721 1009 795 prima
1020 735 1057 778 ae
1071 720 1167 777 moxi·
1263 734 1264 807 ss

115 804 174 865 'rna
189 811 277 879 parte
291 805 478 876 rhetoricae,
500 804 576 864 satis
592 804 705 864 dictum
719 805 850 865 videtur.
884 804 1000 878 Quare,
1023 802 1167 878 quoniam
1263 856 1264 859 ,

125 896 156 948 ot
172 905 320 963 unapars
336 889 373 949 ad
391 888 504 948 exitum
518 887 578 947 hoe
594 903 630 949 eo
646 888 807 964 superiore
820 888 898 948 libro
913 887 1063 963 perducta
1078 891 1169 945 estet
1263 872 1264 905 ³

124 971 175 1031 hie
189 971 266 1031 liber
281 989 342 1033 non
358 988 466 1059 parurn
482 971 616 1032 eontinet
630 972 813 1048 litterarum,
830 986 910 1048 quae
923 977 1054 1042 restant,
1074 972 1104 1057 in
1119 984 1168 1028 re·
1263 1038 1264 1041 Ἴ

125 1057 218 1131 liquis
233 1056 383 1117 dicemus.

1263 964 1264 1031 i

1259 1044 1264 1115 ⁴2

1257 1122 1264 1203 r*

1262 1250 1264 1321 r
