2575 3892
113 199 155 262 60
460 197 514 255 AD
539 198 569 258 C.
590 195 819 254 HERENNIUM

113 383 175 426 non
194 364 294 423 statim
310 363 512 437 praeclarum.
542 361 620 421 Sunt
635 361 714 420 enim
730 363 824 420 multa
838 359 1009 430 laboriosa,
1029 360 1162 434 quaesi

114 447 245 520 faciatis,
263 463 325 505 non
341 445 487 506 continuo
503 445 690 518 gloriemini3
708 442 767 503 nisi
781 443 880 516 etiam,
897 443 922 502 si
938 451 1044 503 vestra
1059 460 1160 505 manu

113 532 233 590 fabulas
254 539 307 588 aut
329 528 485 589 orationes
506 536 589 587 totas
604 526 893 602 transcripsissetiS,
912 527 1081 602 gloriosum
1096 544 1160 602 pu-

114 614 232 673 taretis.
270 613 324 673 Sin
346 612 428 671 istud
448 611 649 672 artificiosum
670 610 826 686 egregium
847 610 964 682 dicitis,
984 611 1090 672 videte
1111 628 1161 673 ne

112 696 226 757 insueti
245 712 348 756 rerum
368 694 516 756 maiorum
537 694 718 765 videamini,
740 695 767 753 si
787 711 847 755 vos
867 711 967 769 parva
987 711 1038 754 res
1059 695 1157 757 sicuti

112 796 225 855 magna
242 780 383 839 delectat.
413 774 489 839 Nam
502 779 562 838 isto
577 779 671 838 modo
688 778 802 853 eligere
819 778 905 838 rudis
920 778 1045 852 quidem
1058 795 1154 840 nemo

111 871 233 941 potest,
255 864 311 925 sed
333 864 400 922 sine
423 878 542 922 summo
565 861 693 921 artificio
713 861 809 921 multi.
851 862 880 920 7.
907 862 1052 936 Quisquis
1068 863 1154 923 eninr

114 949 233 1008 audivit
248 948 287 1006 de
301 955 368 1007 arte
380 949 485 1022 paullo
499 949 578 1023 plus,
597 945 628 1004 in
644 946 819 1007 elocutione
833 945 1031 1020 praesertim,
1048 948 1154 1006 omnia

114 1033 221 1091 videre
236 1030 364 1106 poterit,
386 1046 467 1107 quae
483 1047 521 1090 ex
537 1038 604 1090 arte
619 1030 775 1102 dicentum
797 1031 901 1090 lacere
921 1046 1012 1089 nemo
1035 1029 1154 1108 polerit

113 1116 171 1174 nisi
189 1116 327 1174 eruditus
336 1135 344 1187 ;
366 1115 422 1187 ita,
438 1124 486 1187 ut,
504 1114 531 1175 si
545 1115 584 1174 de
600 1113 768 1195 tragoediis
782 1113 870 1174 Ennii
885 1113 963 1174 velis
978 1114 1154 1173 sententias

114 1197 229 1270 eligere
244 1206 297 1256 aut
311 1199 351 1257 de
365 1197 490 1258 Pacuvii
504 1206 693 1271 anapaestos
709 1205 740 1257 et
755 1198 826 1270 quie
843 1199 936 1272 plane
954 1196 1039 1258 rudis
1054 1196 1085 1256 id
1103 1199 1149 1256 ia-

113 1297 184 1339 cere
205 1296 295 1339 nemo
317 1281 446 1355 poterit,
470 1297 564 1355 quum
585 1280 1030 1359 leceris,„te,litteratissimum
1042 1288 1152 1361 putes,

111 1364 234 1438 ineptus
258 1364 317 1434 sis,
338 1371 503 1438 propterea
525 1363 661 1438 quodid
684 1363 775 1424 lacile
798 1360 891 1424 iaciat
912 1362 1012 1440 quivis
1033 1358 1151 1425 medio·

113 1448 205 1507 criter
219 1448 381 1507 litteratus.
412 1449 487 1507 ltem
502 1447 538 1521 si,
556 1464 650 1521 quum
666 1463 703 1508 ex
719 1448 910 1510 orationibus
929 1457 981 1511 aut
995 1448 1151 1526 poematis

112 1532 244 1605 elegeris
262 1533 413 1606 exempla,
426 1548 506 1605 quae
522 1531 614 1592 certis
630 1531 727 1608 signis
742 1532 861 1595 artificii
873 1541 979 1596 notata
993 1535 1062 1605 sint,
1076 1531 1151 1607 quia

34 1676 37 1682 ,
111 1617 196 1674 rudis
211 1615 241 1676 id
256 1632 347 1680 nemo
362 1616 465 1674 facere
481 1615 587 1691 possit,
604 1616 858 1680 artificiosissime
874 1627 905 1679 le
920 1622 1033 1680 iecisse
1045 1627 1149 1694 putes,

31 1698 38 1717 ¹
113 1715 216 1772 erres,
239 1708 406 1775 propterea
422 1701 507 1774 quod
521 1700 581 1762 isto
597 1701 687 1777 signo
703 1702 841 1765 videmus
860 1712 892 1763 te
906 1702 1042 1764 nonnihil
1057 1702 1149 1776 scire,

98 1783 178 1845 ,aliis
201 1784 297 1861 signis
318 1786 413 1846 multa
434 1785 514 1846 scire
534 1786 750 1861 intelligemus.
791 1788 880 1862 Quod
903 1788 930 1847 si
949 1786 1150 1848 artificiosum

113 1883 160 1936 est
179 1870 375 1951 intellegere,
398 1889 479 1948 quae
496 1872 558 1933 sint
575 1886 614 1931 ex
634 1878 702 1930 arte
721 1871 850 1943 scripta,
875 1873 970 1929 multo
992 1877 1040 1930 est
1055 1872 1149 1932 artili-

112 1959 227 2018 ciosius
242 1961 343 2033 ipsum
359 1958 495 2018 scribere
513 1962 641 2016 exarte.
679 1953 735 2027 Qui
749 1954 830 2012 enim
846 1952 952 2011 scribit
968 1952 1150 2029 artificiose,

112 2044 150 2100 ab
168 2041 235 2100 aliis
251 2043 414 2101 commode
429 2042 544 2117 scripta
566 2038 656 2098 facile
677 2035 846 2111 intelligere
865 2035 998 2109 poterit:
1026 2036 1079 2108 qui
1095 2038 1151 2099 eli-

111 2126 155 2199 git
170 2125 274 2195 l’acile,
297 2142 359 2185 non
376 2125 521 2185 continuo
540 2124 609 2199 ipse
627 2121 792 2181 commode
812 2119 936 2180 scribet.
973 2119 1025 2191 Et,
1049 2117 1077 2179 si
1099 2131 1150 2184 est

113 2209 244 2268 maxime
258 2208 469 2281 artificiosum,
486 2209 545 2269 alio
561 2216 701 2281 tempore
716 2212 840 2266 utantur
853 2220 891 2265 ea
907 2205 1069 2277 facultate,
1083 2220 1148 2267 non

113 2301 189 2364 tum,
214 2309 306 2367 quum
327 2309 438 2369 parere
458 2293 519 2368 ipsi
534 2300 564 2352 et
583 2292 710 2367 gignere
725 2298 756 2351 et
768 2291 910 2366 prolerre
925 2289 1047 2351 debent.
1090 2291 1146 2350 Po-

111 2385 225 2436 stremo
240 2377 271 2436 in
288 2394 325 2438 eo
336 2379 398 2437 vim
409 2376 529 2437 artificii
540 2383 733 2446 consumant,
741 2374 841 2448 utipsi
853 2374 890 2433 ab
899 2373 966 2434 aliis
978 2373 1082 2449 potius
1095 2374 1146 2434 eli-

112 2460 214 2533 gendi,
228 2477 319 2533 quam
331 2460 461 2519 aliorum
475 2460 549 2518 boni
565 2463 717 2519 electores
734 2456 956 2517 existimentur.
974 2459 1087 2518 Contra
1099 2474 1146 2530 ea,

111 2557 191 2615 quae
206 2542 244 2600 ab
259 2541 296 2600 iis
312 2542 469 2611 dicuntur,
494 2543 546 2614 qui
569 2542 675 2600 dicunt
689 2539 797 2599 alienis
813 2541 963 2617 exemplis
987 2543 1031 2604 uti
1056 2558 1145 2617 opor-

108 2635 190 2696 tere,
212 2623 287 2685 satis
303 2632 351 2684 est
366 2624 490 2684 dictum.
525 2625 627 2695 Nunc,
648 2640 727 2697 quae
743 2625 908 2699 separatim
928 2625 989 2686 dici
1003 2633 1144 2702 possunt,

112 2708 357 2771 consideremus

193 2794 233 2854 V.
254 2793 390 2854 Dicimus
405 2789 496 2866 igitur
511 2806 567 2852 eos
585 2807 678 2866 quum
692 2792 775 2864 ideo,
791 2792 876 2867 quod
891 2792 998 2854 alienis
1013 2800 1146 2865 utantur,

109 2896 251 2955 peccare,
267 2887 330 2940 tum
347 2877 443 2953 magis
456 2875 546 2936 etiam
562 2875 751 2951 delinquere,
766 2877 880 2952 quoda
891 2878 992 2939 multis
1006 2880 1209 2957 exemplam
1268 2938 1269 2943 ,

110 2973 242 3024 sumant.
269 2964 331 3024 Sed
347 2964 387 3023 de
401 2976 454 3032 eo,
471 2960 555 3036 quod
569 2967 682 3036 postea
697 2960 845 3033 diximus,
868 2968 960 3020 antea
974 2959 1145 3018 videamus.

111 3045 144 3103 Si
156 3047 359 3116 concederem
375 3046 476 3106 aliena
488 3052 634 3119 oportere
646 3046 810 3105 adsumere
822 3044 972 3117 exempla,
988 3040 1145 3101 vincerem

112 3126 200 3184 unius
217 3135 377 3199 oportere:
400 3131 548 3203 primum,
573 3128 657 3203 quod
673 3136 782 3188 contra
795 3128 855 3187 hoc
871 3128 956 3186 nulla
969 3130 1067 3186 staret
1081 3125 1146 3186 illo-

110 3225 177 3271 rum
200 3209 288 3267 ratio.
323 3210 443 3272 Liceret
464 3211 545 3270 enim
566 3212 714 3286 eligerent
734 3219 765 3271 et
780 3212 950 3285 probarent
972 3209 1145 3285 quemlibet,

112 3291 164 3361 qui
180 3286 238 3346 sibi
252 3290 282 3347 in
299 3308 406 3352 omnes
424 3309 475 3352 res
494 3295 709 3369 suppeditaret
723 3297 873 3368 exempla,
889 3295 940 3354 vel
954 3300 1078 3370 poetam
1097 3297 1145 3353 rel

112 3378 276 3461 oratorem,
289 3372 376 3430 cuius
388 3377 571 3436 auctoritate
581 3377 760 3436 niterentur.
776 3375 895 3437 Deinde
905 3377 1035 3438 interest
1045 3376 1145 3450 magni
1178 3374 1182 3380 '

112 3451 187 3522 eius,
202 3466 253 3522 qur
265 3451 386 3511 discere
397 3457 472 3523 vult,
485 3467 586 3517 utrum
599 3475 693 3518 unum
706 3460 808 3521 omnia
818 3476 856 3518 an
870 3461 972 3519 amnia
984 3459 1145 3532 neminem,
