<?xml version="1.0" encoding="UTF-8"?>
<!DOCTYPE html PUBLIC "-//W3C//DTD XHTML 1.0 Transitional//EN"
    "http://www.w3.org/TR/xhtml1/DTD/xhtml1-transitional.dtd">
<html xmlns="http://www.w3.org/1999/xhtml" xml:lang="en" lang="en">
 <head>
  <title>
</title>
<meta http-equiv="Content-Type" content="text/html;charset=utf-8" />
  <meta name='ocr-system' content='tesseract 3.04.00' />
  <meta name='ocr-capabilities' content='ocr_page ocr_carea ocr_par ocr_line ocrx_word'/>
</head>
<body>
  <div class='ocr_page' id='page_1' title='image "./mtulliiciceroni00friegoog/mtulliiciceroni00friegoog_0178.png"; bbox 0 0 2575 3892; ppageno 0'>
   <div class='ocr_carea' id='block_1_1' title="bbox 143 151 1201 225">
    <p class='ocr_par' dir='ltr' id='par_1_1' title="bbox 143 151 1201 225">
     <span class='ocr_line' id='line_1_1' title="bbox 143 151 1201 225; baseline -0.007 -8"><span class='ocrx_word' id='word_1_1' title='bbox 143 155 202 219; x_wconf 86' lang='lat' dir='ltr'>tao</span> <span class='ocrx_word' id='word_1_2' title='bbox 509 152 560 212; x_wconf 82' lang='lat' dir='ltr'>os</span> <span class='ocrx_word' id='word_1_3' title='bbox 582 151 815 212; x_wconf 83' lang='lat' dir='ltr'>ruvourronn</span> <span class='ocrx_word' id='word_1_4' title='bbox 1156 169 1201 225; x_wconf 53' lang='grc' dir='ltr'><em>ῃ</em></span> 
     </span>
    </p>
   </div>
   <div class='ocr_carea' id='block_1_2' title="bbox 141 317 1195 3400">
    <p class='ocr_par' dir='ltr' id='par_1_2' title="bbox 141 317 1195 3400">
     <span class='ocr_line' id='line_1_2' title="bbox 142 317 1195 399; baseline -0.001 -13"><span class='ocrx_word' id='word_1_5' title='bbox 142 317 313 399; x_wconf 76' lang='lat' dir='ltr'>argumenti</span> <span class='ocrx_word' id='word_1_6' title='bbox 290 318 490 380; x_wconf 84' lang='lat' dir='ltr'>trabsolutio</span> <span class='ocrx_word' id='word_1_7' title='bbox 513 324 664 393; x_wconf 86' lang='lat' dir='ltr'>[quoque]</span> <span class='ocrx_word' id='word_1_8' title='bbox 689 318 923 395; x_wconf 80' lang='lat' dir='ltr'>argumentandi</span> <span class='ocrx_word' id='word_1_9' title='bbox 950 319 1195 395; x_wconf 80' lang='lat' dir='ltr'>adiungeretur</span> 
     </span>
     <span class='ocr_line' id='line_1_3' title="bbox 143 400 1194 478; baseline 0.001 -11"><span class='ocrx_word' id='word_1_10' title='bbox 143 409 179 467; x_wconf 78' lang='lat' dir='ltr'>Et</span> <span class='ocrx_word' id='word_1_11' title='bbox 192 419 303 478; x_wconf 81' lang='lat' dir='ltr'>magna</span> <span class='ocrx_word' id='word_1_12' title='bbox 316 417 386 463; x_wconf 88' lang='lat' dir='ltr'>oum</span> <span class='ocrx_word' id='word_1_13' title='bbox 401 418 476 462; x_wconf 89' lang='lat' dir='ltr'>cura</span> <span class='ocrx_word' id='word_1_14' title='bbox 490 410 521 461; x_wconf 91' lang='lat' dir='ltr'>et</span> <span class='ocrx_word' id='word_1_15' title='bbox 536 400 694 476; x_wconf 78' lang='lat' dir='ltr'>diligentia</span> <span class='ocrx_word' id='word_1_16' title='bbox 704 404 792 463; x_wconf 86' lang='lat' dir='ltr'>iocus</span> <span class='ocrx_word' id='word_1_17' title='bbox 807 400 856 461; x_wconf 90' lang='lat' dir='ltr'>hie</span> <span class='ocrx_word' id='word_1_18' title='bbox 868 401 967 464; x_wconf 88' lang='lat' dir='ltr'>omnis</span> <span class='ocrx_word' id='word_1_19' title='bbox 982 403 1194 468; x_wconf 85' lang='lat' dir='ltr'>consideran-</span> 
     </span>
     <span class='ocr_line' id='line_1_4' title="bbox 141 484 1191 589; baseline 0.002 -40"><span class='ocrx_word' id='word_1_20' title='bbox 141 491 200 549; x_wconf 88' lang='lat' dir='ltr'>dus</span> <span class='ocrx_word' id='word_1_21' title='bbox 217 494 279 559; x_wconf 86' lang='lat' dir='ltr'>est,</span> <span class='ocrx_word' id='word_1_22' title='bbox 296 485 380 561; x_wconf 84' lang='lat' dir='ltr'>quod</span> <span class='ocrx_word' id='word_1_23' title='bbox 396 484 443 547; x_wconf 85' lang='lat' dir='ltr'>rei</span> <span class='ocrx_word' id='word_1_24' title='bbox 456 500 519 547; x_wconf 91' lang='lat' dir='ltr'>non</span> <span class='ocrx_word' id='word_1_25' title='bbox 534 486 637 546; x_wconf 88' lang='lat' dir='ltr'>solum</span> <span class='ocrx_word' id='word_1_26' title='bbox 650 500 761 560; x_wconf 80' lang='lat' dir='ltr'>magna</span> <span class='ocrx_word' id='word_1_27' title='bbox 777 484 891 547; x_wconf 88' lang='lat' dir='ltr'>utilitas</span> <span class='ocrx_word' id='word_1_28' title='bbox 909 491 972 560; x_wconf 86' lang='lat' dir='ltr'>est,</span> <span class='ocrx_word' id='word_1_29' title='bbox 986 487 1045 547; x_wconf 89' lang='lat' dir='ltr'>sed</span> <span class='ocrx_word' id='word_1_30' title='bbox 1059 491 1191 589; x_wconf 82' lang='lat' dir='ltr'>praeei-</span> 
     </span>
     <span class='ocr_line' id='line_1_5' title="bbox 141 567 714 649; baseline -0.009 -17"><span class='ocrx_word' id='word_1_31' title='bbox 141 571 246 649; x_wconf 91' lang='lat' dir='ltr'>piendi</span> <span class='ocrx_word' id='word_1_32' title='bbox 263 586 389 646; x_wconf 87' lang='lat' dir='ltr'>quoque</span> <span class='ocrx_word' id='word_1_33' title='bbox 404 584 527 629; x_wconf 90' lang='lat' dir='ltr'>summa</span> <span class='ocrx_word' id='word_1_34' title='bbox 539 567 584 629; x_wconf 87' lang='lat' dir='ltr'>dit</span> <span class='ocrx_word' id='word_1_35' title='bbox 571 567 714 631; x_wconf 84' lang='lat' dir='ltr'>t.fieultas</span> 
     </span>
     <span class='ocr_line' id='line_1_6' title="bbox 225 627 1187 729; baseline 0.004 -14"><span class='ocrx_word' id='word_1_36' title='bbox 225 655 332 715; x_wconf 86' lang='lat' dir='ltr'>XXXI</span> <span class='ocrx_word' id='word_1_37' title='bbox 354 652 405 712; x_wconf 84' lang='grc'>51</span> <span class='ocrx_word' id='word_1_38' title='bbox 428 652 556 713; x_wconf 87' lang='lat' dir='ltr'>Omnis</span> <span class='ocrx_word' id='word_1_39' title='bbox 547 652 637 727; x_wconf 82' lang='lat' dir='ltr'>igitur</span> <span class='ocrx_word' id='word_1_40' title='bbox 652 651 874 727; x_wconf 74' lang='lat' dir='ltr'>argumentatio</span> <span class='ocrx_word' id='word_1_41' title='bbox 890 659 944 713; x_wconf 90' lang='lat' dir='ltr'>aut</span> <span class='ocrx_word' id='word_1_42' title='bbox 957 670 1016 729; x_wconf 92' lang='lat' dir='ltr'>per</span> <span class='ocrx_word' id='word_1_43' title='bbox 1029 627 1187 720; x_wconf 84' lang='lat' dir='ltr'>inductio-</span> 
     </span>
     <span class='ocr_line' id='line_1_7' title="bbox 142 734 1186 811; baseline 0.002 -11"><span class='ocrx_word' id='word_1_44' title='bbox 142 757 212 800; x_wconf 90' lang='lat' dir='ltr'>nem</span> <span class='ocrx_word' id='word_1_45' title='bbox 223 738 385 799; x_wconf 85' lang='lat' dir='ltr'>tractanda</span> <span class='ocrx_word' id='word_1_46' title='bbox 399 742 512 797; x_wconf 85' lang='lat' dir='ltr'>estant</span> <span class='ocrx_word' id='word_1_47' title='bbox 527 750 584 811; x_wconf 89' lang='lat' dir='ltr'>per</span> <span class='ocrx_word' id='word_1_48' title='bbox 595 734 870 799; x_wconf 82' lang='lat' dir='ltr'>ratiocinationem.</span> <span class='ocrx_word' id='word_1_49' title='bbox 890 736 1009 797; x_wconf 85' lang='lat' dir='ltr'>induet</span> <span class='ocrx_word' id='word_1_50' title='bbox 988 744 1032 799; x_wconf 84' lang='lat' dir='ltr'>tro</span> <span class='ocrx_word' id='word_1_51' title='bbox 1049 747 1101 801; x_wconf 91' lang='lat' dir='ltr'>est</span> <span class='ocrx_word' id='word_1_52' title='bbox 1115 759 1186 802; x_wconf 89' lang='lat' dir='ltr'>ora-</span> 
     </span>
     <span class='ocr_line' id='line_1_8' title="bbox 142 818 1185 898; baseline 0.001 -14"><span class='ocrx_word' id='word_1_53' title='bbox 142 825 194 896; x_wconf 89' lang='lat' dir='ltr'>tio,</span> <span class='ocrx_word' id='word_1_54' title='bbox 212 837 292 897; x_wconf 88' lang='lat' dir='ltr'>quae</span> <span class='ocrx_word' id='word_1_55' title='bbox 304 821 396 880; x_wconf 88' lang='lat' dir='ltr'>rebus</span> <span class='ocrx_word' id='word_1_56' title='bbox 412 836 475 881; x_wconf 91' lang='lat' dir='ltr'>non</span> <span class='ocrx_word' id='word_1_57' title='bbox 490 818 592 880; x_wconf 88' lang='lat' dir='ltr'>dubiis</span> <span class='ocrx_word' id='word_1_58' title='bbox 608 827 712 895; x_wconf 87' lang='lat' dir='ltr'>captat</span> <span class='ocrx_word' id='word_1_59' title='bbox 728 819 988 880; x_wconf 84' lang='lat' dir='ltr'>adsensionem</span> <span class='ocrx_word' id='word_1_60' title='bbox 962 838 1039 894; x_wconf 83' lang='lat' dir='ltr'>erus,</span> <span class='ocrx_word' id='word_1_61' title='bbox 1055 822 1185 898; x_wconf 90' lang='lat' dir='ltr'>quicum</span> 
     </span>
     <span class='ocr_line' id='line_1_9' title="bbox 141 901 1185 983; baseline 0.001 -15"><span class='ocrx_word' id='word_1_62' title='bbox 141 907 227 969; x_wconf 90' lang='lat' dir='ltr'>instit</span> <span class='ocrx_word' id='word_1_63' title='bbox 215 914 280 966; x_wconf 88' lang='lat' dir='ltr'>tuta</span> <span class='ocrx_word' id='word_1_64' title='bbox 293 910 357 975; x_wconf 86' lang='lat' dir='ltr'>est;</span> <span class='ocrx_word' id='word_1_65' title='bbox 381 902 493 979; x_wconf 87' lang='lat' dir='ltr'>quibus</span> <span class='ocrx_word' id='word_1_66' title='bbox 508 901 748 964; x_wconf 83' lang='lat' dir='ltr'>adsensionibus</span> <span class='ocrx_word' id='word_1_67' title='bbox 763 902 850 976; x_wconf 86' lang='lat' dir='ltr'>tacit,</span> <span class='ocrx_word' id='word_1_68' title='bbox 865 910 899 963; x_wconf 91' lang='lat' dir='ltr'>ut</span> <span class='ocrx_word' id='word_1_69' title='bbox 918 903 962 964; x_wconf 87' lang='lat' dir='ltr'>itti</span> <span class='ocrx_word' id='word_1_70' title='bbox 975 904 1070 966; x_wconf 86' lang='lat' dir='ltr'>dubia</span> <span class='ocrx_word' id='word_1_71' title='bbox 1090 925 1185 983; x_wconf 79' lang='lat' dir='ltr'>quae</span> 
     </span>
     <span class='ocr_line' id='line_1_10' title="bbox 143 985 1184 1073; baseline 0.001 -21"><span class='ocrx_word' id='word_1_72' title='bbox 143 993 214 1052; x_wconf 88' lang='lat' dir='ltr'>dem</span> <span class='ocrx_word' id='word_1_73' title='bbox 228 1005 279 1051; x_wconf 89' lang='lat' dir='ltr'>res</span> <span class='ocrx_word' id='word_1_74' title='bbox 295 994 423 1064; x_wconf 89' lang='lat' dir='ltr'>propter</span> <span class='ocrx_word' id='word_1_75' title='bbox 438 985 666 1047; x_wconf 82' lang='lat' dir='ltr'>similitudmem</span> <span class='ocrx_word' id='word_1_76' title='bbox 683 1003 785 1047; x_wconf 89' lang='lat' dir='ltr'>earum</span> <span class='ocrx_word' id='word_1_77' title='bbox 801 1003 918 1073; x_wconf 88' lang='lat' dir='ltr'>rerum,</span> <span class='ocrx_word' id='word_1_78' title='bbox 942 987 1055 1063; x_wconf 91' lang='lat' dir='ltr'>quihus</span> <span class='ocrx_word' id='word_1_79' title='bbox 1070 993 1184 1053; x_wconf 89' lang='lat' dir='ltr'>adsen</span> 
     </span>
     <span class='ocr_line' id='line_1_11' title="bbox 142 1060 1183 1148; baseline 0.001 -14"><span class='ocrx_word' id='word_1_80' title='bbox 142 1075 195 1145; x_wconf 89' lang='lat' dir='ltr'>sit,</span> <span class='ocrx_word' id='word_1_81' title='bbox 223 1073 388 1148; x_wconf 67' lang='lat' dir='ltr'>probatum</span> <span class='ocrx_word' id='word_1_82' title='bbox 414 1072 501 1132; x_wconf 87' lang='lat' dir='ltr'>velut</span> <span class='ocrx_word' id='word_1_83' title='bbox 521 1069 605 1146; x_wconf 82' lang='lat' dir='ltr'>apud</span> <span class='ocrx_word' id='word_1_84' title='bbox 626 1060 826 1132; x_wconf 84' lang='lat' dir='ltr'>Socraticum</span> <span class='ocrx_word' id='word_1_85' title='bbox 838 1071 1026 1133; x_wconf 83' lang='lat' dir='ltr'>Aeschinem</span> <span class='ocrx_word' id='word_1_86' title='bbox 1053 1073 1183 1136; x_wconf 89' lang='lat' dir='ltr'>demon-</span> 
     </span>
     <span class='ocr_line' id='line_1_12' title="bbox 144 1152 1184 1232; baseline 0.003 -15.087"><span class='ocrx_word' id='word_1_87' title='bbox 144 1163 221 1217; x_wconf 86' lang='lat' dir='ltr'>strat</span> <span class='ocrx_word' id='word_1_88' title='bbox 242 1156 389 1216; x_wconf 79' lang='lat' dir='ltr'>Socrates</span> <span class='ocrx_word' id='word_1_89' title='bbox 410 1170 478 1214; x_wconf 89' lang='lat' dir='ltr'>eum</span> <span class='ocrx_word' id='word_1_90' title='bbox 493 1152 710 1228; x_wconf 84' lang='lat' dir='ltr'>Xenophontis</span> <span class='ocrx_word' id='word_1_91' title='bbox 729 1170 829 1217; x_wconf 86' lang='lat' dir='ltr'>uxore</span> <span class='ocrx_word' id='word_1_92' title='bbox 848 1162 878 1214; x_wconf 94' lang='lat' dir='ltr'>et</span> <span class='ocrx_word' id='word_1_93' title='bbox 899 1171 969 1216; x_wconf 82' lang='lat' dir='ltr'>cunr</span> <span class='ocrx_word' id='word_1_94' title='bbox 983 1156 1058 1232; x_wconf 91' lang='lat' dir='ltr'>ipso</span> <span class='ocrx_word' id='word_1_95' title='bbox 1073 1159 1184 1220; x_wconf 91' lang='lat' dir='ltr'>Xeno·</span> 
     </span>
     <span class='ocr_line' id='line_1_13' title="bbox 143 1235 1183 1317; baseline 0.006 -18"><span class='ocrx_word' id='word_1_96' title='bbox 143 1241 260 1317; x_wconf 77' lang='lat' dir='ltr'>pionte</span> <span class='ocrx_word' id='word_1_97' title='bbox 274 1235 441 1314; x_wconf 84' lang='lat' dir='ltr'>Aspasiam</span> <span class='ocrx_word' id='word_1_98' title='bbox 455 1239 605 1299; x_wconf 86' lang='lat' dir='ltr'>locutam:</span> <span class='ocrx_word' id='word_1_99' title='bbox 635 1237 692 1298; x_wconf 87' lang='lat' dir='ltr'>Dio</span> <span class='ocrx_word' id='word_1_100' title='bbox 708 1237 794 1309; x_wconf 90' lang='lat' dir='ltr'>mihi,</span> <span class='ocrx_word' id='word_1_101' title='bbox 811 1253 946 1313; x_wconf 84' lang='lat' dir='ltr'>quaeso,</span> <span class='ocrx_word' id='word_1_102' title='bbox 962 1238 1183 1314; x_wconf 84' lang='lat' dir='ltr'>Xenophontis</span> 
     </span>
     <span class='ocr_line' id='line_1_14' title="bbox 143 1320 1180 1399; baseline -0.001 -15"><span class='ocrx_word' id='word_1_103' title='bbox 143 1339 238 1395; x_wconf 85' lang='lat' dir='ltr'>uxor,</span> <span class='ocrx_word' id='word_1_104' title='bbox 260 1320 288 1383; x_wconf 90' lang='lat' dir='ltr'>si</span> <span class='ocrx_word' id='word_1_105' title='bbox 312 1320 415 1383; x_wconf 89' lang='lat' dir='ltr'>vicina</span> <span class='ocrx_word' id='word_1_106' title='bbox 436 1328 490 1383; x_wconf 87' lang='lat' dir='ltr'>tua</span> <span class='ocrx_word' id='word_1_107' title='bbox 509 1322 619 1382; x_wconf 87' lang='lat' dir='ltr'>metius</span> <span class='ocrx_word' id='word_1_108' title='bbox 635 1320 748 1383; x_wconf 90' lang='lat' dir='ltr'>haheat</span> <span class='ocrx_word' id='word_1_109' title='bbox 764 1338 888 1393; x_wconf 88' lang='lat' dir='ltr'>aurum,</span> <span class='ocrx_word' id='word_1_110' title='bbox 912 1339 1001 1399; x_wconf 87' lang='lat' dir='ltr'>quam</span> <span class='ocrx_word' id='word_1_111' title='bbox 1018 1329 1051 1383; x_wconf 92' lang='lat' dir='ltr'>tu</span> <span class='ocrx_word' id='word_1_112' title='bbox 1064 1321 1180 1396; x_wconf 82' lang='lat' dir='ltr'>habes,</span> 
     </span>
     <span class='ocr_line' id='line_1_15' title="bbox 142 1402 1182 1481; baseline 0 -13"><span class='ocrx_word' id='word_1_113' title='bbox 142 1415 244 1468; x_wconf 91' lang='lat' dir='ltr'>utrum</span> <span class='ocrx_word' id='word_1_114' title='bbox 258 1404 380 1467; x_wconf 85' lang='lat' dir='ltr'>illiusne</span> <span class='ocrx_word' id='word_1_115' title='bbox 395 1421 434 1466; x_wconf 88' lang='lat' dir='ltr'>an</span> <span class='ocrx_word' id='word_1_116' title='bbox 450 1413 535 1466; x_wconf 89' lang='lat' dir='ltr'>tuum</span> <span class='ocrx_word' id='word_1_117' title='bbox 549 1403 660 1466; x_wconf 76' lang='lat' dir='ltr'>malis?</span> <span class='ocrx_word' id='word_1_118' title='bbox 676 1405 774 1477; x_wconf 84' lang='lat' dir='ltr'>iltius,</span> <span class='ocrx_word' id='word_1_119' title='bbox 786 1402 895 1480; x_wconf 86' lang='lat' dir='ltr'>inquit.</span> <span class='ocrx_word' id='word_1_120' title='bbox 914 1404 1001 1481; x_wconf 81' lang='lat' dir='ltr'>Quid,</span> <span class='ocrx_word' id='word_1_121' title='bbox 1014 1404 1042 1465; x_wconf 90' lang='lat' dir='ltr'>si</span> <span class='ocrx_word' id='word_1_122' title='bbox 1053 1410 1182 1467; x_wconf 85' lang='lat' dir='ltr'>uestem</span> 
     </span>
     <span class='ocr_line' id='line_1_16' title="bbox 144 1487 1181 1567; baseline -0.004 -14"><span class='ocrx_word' id='word_1_123' title='bbox 144 1499 175 1553; x_wconf 87' lang='lat' dir='ltr'>et</span> <span class='ocrx_word' id='word_1_124' title='bbox 190 1488 346 1551; x_wconf 72' lang='lat' dir='ltr'>caeterum</span> <span class='ocrx_word' id='word_1_125' title='bbox 362 1497 504 1551; x_wconf 89' lang='lat' dir='ltr'>ornatum</span> <span class='ocrx_word' id='word_1_126' title='bbox 518 1487 698 1550; x_wconf 84' lang='lat' dir='ltr'>muliebrem</span> <span class='ocrx_word' id='word_1_127' title='bbox 713 1487 804 1566; x_wconf 86' lang='lat' dir='ltr'>pretii</span> <span class='ocrx_word' id='word_1_128' title='bbox 817 1488 941 1550; x_wconf 89' lang='lat' dir='ltr'>maioris</span> <span class='ocrx_word' id='word_1_129' title='bbox 959 1489 1066 1560; x_wconf 92' lang='lat' dir='ltr'>hahet,</span> <span class='ocrx_word' id='word_1_130' title='bbox 1086 1505 1181 1567; x_wconf 81' lang='lat' dir='ltr'>quarn</span> 
     </span>
     <span class='ocr_line' id='line_1_17' title="bbox 143 1570 1179 1648; baseline -0.005 -11"><span class='ocrx_word' id='word_1_131' title='bbox 143 1585 177 1637; x_wconf 90' lang='lat' dir='ltr'>tu</span> <span class='ocrx_word' id='word_1_132' title='bbox 191 1574 303 1648; x_wconf 90' lang='lat' dir='ltr'>habes,</span> <span class='ocrx_word' id='word_1_133' title='bbox 324 1582 451 1648; x_wconf 84' lang='lat' dir='ltr'>tuumne</span> <span class='ocrx_word' id='word_1_134' title='bbox 473 1590 512 1635; x_wconf 85' lang='lat' dir='ltr'>an</span> <span class='ocrx_word' id='word_1_135' title='bbox 530 1572 611 1633; x_wconf 87' lang='lat' dir='ltr'>iltius</span> <span class='ocrx_word' id='word_1_136' title='bbox 626 1573 737 1633; x_wconf 83' lang='lat' dir='ltr'>malisi</span> <span class='ocrx_word' id='word_1_137' title='bbox 772 1572 962 1647; x_wconf 85' lang='lat' dir='ltr'>Respondit:</span> <span class='ocrx_word' id='word_1_138' title='bbox 992 1570 1077 1635; x_wconf 87' lang='lat' dir='ltr'>lilius</span> <span class='ocrx_word' id='word_1_139' title='bbox 1092 1589 1179 1634; x_wconf 87' lang='lat' dir='ltr'>vero.</span> 
     </span>
     <span class='ocr_line' id='line_1_18' title="bbox 143 1654 1180 1735; baseline -0.002 -16"><span class='ocrx_word' id='word_1_140' title='bbox 143 1664 212 1735; x_wconf 80' lang='lat' dir='ltr'>Age</span> <span class='ocrx_word' id='word_1_141' title='bbox 227 1657 281 1732; x_wconf 91' lang='lat' dir='ltr'>sis,</span> <span class='ocrx_word' id='word_1_142' title='bbox 296 1656 408 1734; x_wconf 86' lang='lat' dir='ltr'>inquit,</span> <span class='ocrx_word' id='word_1_143' title='bbox 432 1656 527 1733; x_wconf 81' lang='lat' dir='ltr'>quid?</span> <span class='ocrx_word' id='word_1_144' title='bbox 544 1654 572 1716; x_wconf 92' lang='lat' dir='ltr'>si</span> <span class='ocrx_word' id='word_1_145' title='bbox 585 1655 687 1717; x_wconf 84' lang='lat' dir='ltr'>viram</span> <span class='ocrx_word' id='word_1_146' title='bbox 701 1656 752 1716; x_wconf 91' lang='lat' dir='ltr'>illa</span> <span class='ocrx_word' id='word_1_147' title='bbox 767 1656 924 1719; x_wconf 88' lang='lat' dir='ltr'>meliorem</span> <span class='ocrx_word' id='word_1_148' title='bbox 938 1655 1068 1728; x_wconf 88' lang='lat' dir='ltr'>habeat,</span> <span class='ocrx_word' id='word_1_149' title='bbox 1089 1673 1180 1732; x_wconf 88' lang='lat' dir='ltr'>quam</span> 
     </span>
     <span class='ocr_line' id='line_1_19' title="bbox 145 1736 1180 1814; baseline -0.005 -10"><span class='ocrx_word' id='word_1_150' title='bbox 145 1753 176 1804; x_wconf 90' lang='lat' dir='ltr'>tu</span> <span class='ocrx_word' id='word_1_151' title='bbox 191 1742 303 1814; x_wconf 85' lang='lat' dir='ltr'>habes,</span> <span class='ocrx_word' id='word_1_152' title='bbox 318 1748 463 1802; x_wconf 77' lang='lat' dir='ltr'>utrumme</span> <span class='ocrx_word' id='word_1_153' title='bbox 477 1746 563 1800; x_wconf 91' lang='lat' dir='ltr'>tuum</span> <span class='ocrx_word' id='word_1_154' title='bbox 578 1738 679 1801; x_wconf 91' lang='lat' dir='ltr'>virum</span> <span class='ocrx_word' id='word_1_155' title='bbox 697 1737 785 1800; x_wconf 87' lang='lat' dir='ltr'>matis</span> <span class='ocrx_word' id='word_1_156' title='bbox 805 1755 844 1799; x_wconf 87' lang='lat' dir='ltr'>an</span> <span class='ocrx_word' id='word_1_157' title='bbox 863 1737 967 1800; x_wconf 73' lang='lat' dir='ltr'>iliius?</span> <span class='ocrx_word' id='word_1_158' title='bbox 993 1736 1051 1799; x_wconf 89' lang='lat' dir='ltr'>Hic</span> <span class='ocrx_word' id='word_1_159' title='bbox 1075 1738 1180 1801; x_wconf 81' lang='lat' dir='ltr'>mulier</span> 
     </span>
     <span class='ocr_line' id='line_1_20' title="bbox 143 1822 1181 1899; baseline -0.005 -12"><span class='ocrx_word' id='word_1_160' title='bbox 143 1824 273 1887; x_wconf 89' lang='lat' dir='ltr'>erubuit.</span> <span class='ocrx_word' id='word_1_161' title='bbox 301 1824 353 1884; x_wconf 79' lang='lat'>52.</span> <span class='ocrx_word' id='word_1_162' title='bbox 365 1822 613 1899; x_wconf 80' lang='lat' dir='ltr'>Aspasiaautem</span> <span class='ocrx_word' id='word_1_163' title='bbox 626 1838 801 1883; x_wconf 88' lang='lat' dir='ltr'>sermonem</span> <span class='ocrx_word' id='word_1_164' title='bbox 813 1822 962 1898; x_wconf 81' lang='lat' dir='ltr'>cumipse</span> <span class='ocrx_word' id='word_1_165' title='bbox 974 1822 1181 1899; x_wconf 86' lang='lat' dir='ltr'>Xenophonte</span> 
     </span>
     <span class='ocr_line' id='line_1_21' title="bbox 142 1904 1182 1982; baseline -0.003 -12"><span class='ocrx_word' id='word_1_166' title='bbox 142 1907 282 1971; x_wconf 87' lang='lat' dir='ltr'>instituit.</span> <span class='ocrx_word' id='word_1_167' title='bbox 296 1905 544 1982; x_wconf 72' lang='lat' dir='ltr'>Quaesoinquit,</span> <span class='ocrx_word' id='word_1_168' title='bbox 552 1904 738 1980; x_wconf 87' lang='lat' dir='ltr'>Xenophon,</span> <span class='ocrx_word' id='word_1_169' title='bbox 746 1905 773 1965; x_wconf 89' lang='lat' dir='ltr'>si</span> <span class='ocrx_word' id='word_1_170' title='bbox 781 1904 898 1968; x_wconf 88' lang='lat' dir='ltr'>vicinus</span> <span class='ocrx_word' id='word_1_171' title='bbox 911 1913 982 1969; x_wconf 89' lang='lat' dir='ltr'>tuus</span> <span class='ocrx_word' id='word_1_172' title='bbox 995 1922 1108 1981; x_wconf 90' lang='lat' dir='ltr'>equum</span> <span class='ocrx_word' id='word_1_173' title='bbox 1118 1922 1182 1967; x_wconf 84' lang='lat' dir='ltr'>me·</span> 
     </span>
     <span class='ocr_line' id='line_1_22' title="bbox 142 1987 1183 2064; baseline -0.006 -10"><span class='ocrx_word' id='word_1_174' title='bbox 142 1992 251 2053; x_wconf 89' lang='lat' dir='ltr'>liorem</span> <span class='ocrx_word' id='word_1_175' title='bbox 264 1990 387 2060; x_wconf 86' lang='lat' dir='ltr'>habeat,</span> <span class='ocrx_word' id='word_1_176' title='bbox 400 2005 493 2062; x_wconf 84' lang='lat' dir='ltr'>quam</span> <span class='ocrx_word' id='word_1_177' title='bbox 502 1996 574 2049; x_wconf 90' lang='lat' dir='ltr'>tuus</span> <span class='ocrx_word' id='word_1_178' title='bbox 587 1996 643 2061; x_wconf 90' lang='lat' dir='ltr'>est,</span> <span class='ocrx_word' id='word_1_179' title='bbox 656 1996 782 2051; x_wconf 87' lang='lat' dir='ltr'>tuumne</span> <span class='ocrx_word' id='word_1_180' title='bbox 794 2005 909 2064; x_wconf 89' lang='lat' dir='ltr'>equum</span> <span class='ocrx_word' id='word_1_181' title='bbox 921 1987 1011 2050; x_wconf 86' lang='lat' dir='ltr'>matis</span> <span class='ocrx_word' id='word_1_182' title='bbox 1028 2007 1069 2053; x_wconf 93' lang='lat' dir='ltr'>an</span> <span class='ocrx_word' id='word_1_183' title='bbox 1082 1988 1183 2052; x_wconf 74' lang='lat' dir='ltr'>iiiios?</span> 
     </span>
     <span class='ocr_line' id='line_1_23' title="bbox 141 2069 1183 2150; baseline -0.002 -16"><span class='ocrx_word' id='word_1_184' title='bbox 141 2074 234 2144; x_wconf 86' lang='lat' dir='ltr'>lilius,</span> <span class='ocrx_word' id='word_1_185' title='bbox 249 2071 357 2147; x_wconf 86' lang='lat' dir='ltr'>inquit.</span> <span class='ocrx_word' id='word_1_186' title='bbox 386 2070 474 2144; x_wconf 83' lang='lat' dir='ltr'>Quid,</span> <span class='ocrx_word' id='word_1_187' title='bbox 490 2069 519 2131; x_wconf 87' lang='lat' dir='ltr'>si</span> <span class='ocrx_word' id='word_1_188' title='bbox 531 2071 663 2133; x_wconf 85' lang='lat' dir='ltr'>tandum</span> <span class='ocrx_word' id='word_1_189' title='bbox 671 2070 831 2133; x_wconf 87' lang='lat' dir='ltr'>meliorem</span> <span class='ocrx_word' id='word_1_190' title='bbox 844 2073 965 2146; x_wconf 85' lang='lat' dir='ltr'>habeat,</span> <span class='ocrx_word' id='word_1_191' title='bbox 981 2090 1072 2150; x_wconf 85' lang='lat' dir='ltr'>quam</span> <span class='ocrx_word' id='word_1_192' title='bbox 1088 2082 1119 2133; x_wconf 89' lang='lat' dir='ltr'>tu</span> <span class='ocrx_word' id='word_1_193' title='bbox 1129 2073 1183 2133; x_wconf 87' lang='lat' dir='ltr'>ha-</span> 
     </span>
     <span class='ocr_line' id='line_1_24' title="bbox 142 2154 1185 2235; baseline -0.002 -16"><span class='ocrx_word' id='word_1_194' title='bbox 142 2159 209 2231; x_wconf 89' lang='lat' dir='ltr'>hes,</span> <span class='ocrx_word' id='word_1_195' title='bbox 223 2164 327 2218; x_wconf 90' lang='lat' dir='ltr'>utrum</span> <span class='ocrx_word' id='word_1_196' title='bbox 340 2155 465 2216; x_wconf 88' lang='lat' dir='ltr'>tandem</span> <span class='ocrx_word' id='word_1_197' title='bbox 480 2156 609 2217; x_wconf 81' lang='lat' dir='ltr'>fundum</span> <span class='ocrx_word' id='word_1_198' title='bbox 624 2155 740 2219; x_wconf 86' lang='lat' dir='ltr'>hahere</span> <span class='ocrx_word' id='word_1_199' title='bbox 752 2154 860 2217; x_wconf 80' lang='lat' dir='ltr'>malis?</span> <span class='ocrx_word' id='word_1_200' title='bbox 883 2155 980 2219; x_wconf 86' lang='lat' dir='ltr'>Illum.</span> <span class='ocrx_word' id='word_1_201' title='bbox 996 2155 1105 2235; x_wconf 86' lang='lat' dir='ltr'>inquit,</span> <span class='ocrx_word' id='word_1_202' title='bbox 1121 2171 1185 2217; x_wconf 68' lang='lat' dir='ltr'>me,-</span> 
     </span>
     <span class='ocr_line' id='line_1_25' title="bbox 142 2237 1188 2315; baseline -0.003 -13"><span class='ocrx_word' id='word_1_203' title='bbox 142 2242 250 2302; x_wconf 88' lang='lat' dir='ltr'>.iorem</span> <span class='ocrx_word' id='word_1_204' title='bbox 266 2238 394 2301; x_wconf 82' lang='lat' dir='ltr'>scilieet</span> <span class='ocrx_word' id='word_1_205' title='bbox 425 2240 519 2315; x_wconf 80' lang='lat' dir='ltr'>Quid.</span> <span class='ocrx_word' id='word_1_206' title='bbox 537 2239 708 2301; x_wconf 83' lang='lat' dir='ltr'>siuxorem</span> <span class='ocrx_word' id='word_1_207' title='bbox 724 2238 882 2302; x_wconf 88' lang='lat' dir='ltr'>meliorem</span> <span class='ocrx_word' id='word_1_208' title='bbox 895 2237 1023 2302; x_wconf 77' lang='lat' dir='ltr'>haheat.</span> <span class='ocrx_word' id='word_1_209' title='bbox 1043 2257 1135 2315; x_wconf 85' lang='lat' dir='ltr'>quarn</span> <span class='ocrx_word' id='word_1_210' title='bbox 1150 2248 1188 2300; x_wconf 89' lang='grc' dir='ltr'>ιιι</span> 
     </span>
     <span class='ocr_line' id='line_1_26' title="bbox 143 2321 1190 2400; baseline -0.001 -15"><span class='ocrx_word' id='word_1_211' title='bbox 143 2326 251 2386; x_wconf 88' lang='lat' dir='ltr'>habes.</span> <span class='ocrx_word' id='word_1_212' title='bbox 265 2332 366 2385; x_wconf 86' lang='lat' dir='ltr'>utram</span> <span class='ocrx_word' id='word_1_213' title='bbox 377 2321 485 2384; x_wconf 79' lang='lat' dir='ltr'>malis?</span> <span class='ocrx_word' id='word_1_214' title='bbox 497 2324 604 2393; x_wconf 75' lang='lat' dir='ltr'>Atque</span> <span class='ocrx_word' id='word_1_215' title='bbox 614 2322 664 2383; x_wconf 89' lang='lat' dir='ltr'>hie</span> <span class='ocrx_word' id='word_1_216' title='bbox 675 2322 849 2400; x_wconf 90' lang='lat' dir='ltr'>Xenophon</span> <span class='ocrx_word' id='word_1_217' title='bbox 863 2341 988 2400; x_wconf 90' lang='lat' dir='ltr'>quoque</span> <span class='ocrx_word' id='word_1_218' title='bbox 996 2324 1064 2396; x_wconf 90' lang='lat' dir='ltr'>ipse</span> <span class='ocrx_word' id='word_1_219' title='bbox 1077 2321 1190 2385; x_wconf 86' lang='lat' dir='ltr'>tacuit.</span> 
     </span>
     <span class='ocr_line' id='line_1_27' title="bbox 142 2401 1190 2483; baseline -0.005 -13"><span class='ocrx_word' id='word_1_220' title='bbox 142 2410 219 2471; x_wconf 89' lang='lat' dir='ltr'>Post</span> <span class='ocrx_word' id='word_1_221' title='bbox 232 2406 382 2483; x_wconf 84' lang='lat' dir='ltr'>Aspasia:</span> <span class='ocrx_word' id='word_1_222' title='bbox 400 2408 551 2480; x_wconf 79' lang='lat' dir='ltr'>Quoniam</span> <span class='ocrx_word' id='word_1_223' title='bbox 565 2417 698 2482; x_wconf 88' lang='lat' dir='ltr'>uterque</span> <span class='ocrx_word' id='word_1_224' title='bbox 712 2407 861 2480; x_wconf 81' lang='lat' dir='ltr'>vestrim,</span> <span class='ocrx_word' id='word_1_225' title='bbox 876 2407 982 2482; x_wconf 83' lang='lat' dir='ltr'>inquit,</span> <span class='ocrx_word' id='word_1_226' title='bbox 995 2405 1027 2465; x_wconf 85' lang='lat' dir='ltr'>id</span> <span class='ocrx_word' id='word_1_227' title='bbox 1040 2401 1112 2463; x_wconf 88' lang='lat' dir='ltr'>mihi</span> <span class='ocrx_word' id='word_1_228' title='bbox 1128 2419 1190 2465; x_wconf 88' lang='lat' dir='ltr'>so-</span> 
     </span>
     <span class='ocr_line' id='line_1_28' title="bbox 144 2487 1192 2565; baseline -0.004 -13"><span class='ocrx_word' id='word_1_229' title='bbox 144 2508 206 2552; x_wconf 90' lang='lat' dir='ltr'>.um</span> <span class='ocrx_word' id='word_1_230' title='bbox 219 2505 281 2553; x_wconf 92' lang='lat' dir='ltr'>nen</span> <span class='ocrx_word' id='word_1_231' title='bbox 293 2487 463 2565; x_wconf 83' lang='lat' dir='ltr'>respondit,</span> <span class='ocrx_word' id='word_1_232' title='bbox 477 2490 562 2564; x_wconf 87' lang='lat' dir='ltr'>quod</span> <span class='ocrx_word' id='word_1_233' title='bbox 575 2505 634 2564; x_wconf 78' lang='lat' dir='ltr'>ego</span> <span class='ocrx_word' id='word_1_234' title='bbox 650 2492 751 2551; x_wconf 88' lang='lat' dir='ltr'>sotum</span> <span class='ocrx_word' id='word_1_235' title='bbox 761 2490 869 2555; x_wconf 85' lang='lat' dir='ltr'>audire</span> <span class='ocrx_word' id='word_1_236' title='bbox 881 2494 1043 2563; x_wconf 79' lang='lat' dir='ltr'>volueram,</span> <span class='ocrx_word' id='word_1_237' title='bbox 1055 2497 1192 2563; x_wconf 79' lang='lat' dir='ltr'>egomet</span> 
     </span>
     <span class='ocr_line' id='line_1_29' title="bbox 144 2569 1191 2649; baseline -0.001 -15"><span class='ocrx_word' id='word_1_238' title='bbox 144 2574 253 2643; x_wconf 85' lang='lat' dir='ltr'>dicam,</span> <span class='ocrx_word' id='word_1_239' title='bbox 266 2571 340 2648; x_wconf 89' lang='lat' dir='ltr'>quid</span> <span class='ocrx_word' id='word_1_240' title='bbox 354 2580 486 2646; x_wconf 87' lang='lat' dir='ltr'>uterque</span> <span class='ocrx_word' id='word_1_241' title='bbox 501 2572 627 2648; x_wconf 81' lang='lat' dir='ltr'>cogitet.</span> <span class='ocrx_word' id='word_1_242' title='bbox 654 2573 730 2633; x_wconf 88' lang='lat' dir='ltr'>Nem</span> <span class='ocrx_word' id='word_1_243' title='bbox 746 2581 776 2634; x_wconf 92' lang='lat' dir='ltr'>et</span> <span class='ocrx_word' id='word_1_244' title='bbox 790 2581 835 2647; x_wconf 89' lang='lat' dir='ltr'>tu,</span> <span class='ocrx_word' id='word_1_245' title='bbox 844 2573 963 2649; x_wconf 87' lang='lat' dir='ltr'>mulier,</span> <span class='ocrx_word' id='word_1_246' title='bbox 974 2569 1124 2648; x_wconf 84' lang='lat' dir='ltr'>optimum</span> <span class='ocrx_word' id='word_1_247' title='bbox 1140 2569 1191 2633; x_wconf 89' lang='lat' dir='ltr'>vi·</span> 
     </span>
     <span class='ocr_line' id='line_1_30' title="bbox 143 2652 1190 2732; baseline -0.007 -12"><span class='ocrx_word' id='word_1_248' title='bbox 143 2674 211 2720; x_wconf 86' lang='lat' dir='ltr'>rum</span> <span class='ocrx_word' id='word_1_249' title='bbox 224 2673 272 2717; x_wconf 85' lang='lat' dir='ltr'>vis</span> <span class='ocrx_word' id='word_1_250' title='bbox 287 2656 401 2717; x_wconf 86' lang='lat' dir='ltr'>habere</span> <span class='ocrx_word' id='word_1_251' title='bbox 416 2664 447 2718; x_wconf 89' lang='lat' dir='ltr'>et</span> <span class='ocrx_word' id='word_1_252' title='bbox 462 2663 503 2728; x_wconf 91' lang='lat' dir='ltr'>tu,</span> <span class='ocrx_word' id='word_1_253' title='bbox 513 2656 699 2732; x_wconf 89' lang='lat' dir='ltr'>Xenophon,</span> <span class='ocrx_word' id='word_1_254' title='bbox 711 2673 840 2719; x_wconf 85' lang='lat' dir='ltr'>uxorem</span> <span class='ocrx_word' id='word_1_255' title='bbox 854 2658 970 2719; x_wconf 88' lang='lat' dir='ltr'>hahere</span> <span class='ocrx_word' id='word_1_256' title='bbox 984 2652 1190 2719; x_wconf 87' lang='lat' dir='ltr'>lectissimam</span> 
     </span>
     <span class='ocr_line' id='line_1_31' title="bbox 145 2738 1190 2817; baseline -0.008 -12"><span class='ocrx_word' id='word_1_257' title='bbox 145 2742 277 2805; x_wconf 84' lang='lat' dir='ltr'>maxime</span> <span class='ocrx_word' id='word_1_258' title='bbox 291 2739 350 2802; x_wconf 88' lang='lat' dir='ltr'>vis.</span> <span class='ocrx_word' id='word_1_259' title='bbox 385 2740 500 2814; x_wconf 81' lang='lat' dir='ltr'>Quare,</span> <span class='ocrx_word' id='word_1_260' title='bbox 517 2739 576 2805; x_wconf 89' lang='lat' dir='ltr'>nisi</span> <span class='ocrx_word' id='word_1_261' title='bbox 590 2741 651 2803; x_wconf 85' lang='lat' dir='ltr'>hoe</span> <span class='ocrx_word' id='word_1_262' title='bbox 664 2741 873 2817; x_wconf 78' lang='lat' dir='ltr'>perfeceritis,</span> <span class='ocrx_word' id='word_1_263' title='bbox 889 2750 929 2811; x_wconf 68' lang='lat' dir='ltr'>,ut</span> <span class='ocrx_word' id='word_1_264' title='bbox 942 2755 1044 2816; x_wconf 85' lang='lat' dir='ltr'>neque</span> <span class='ocrx_word' id='word_1_265' title='bbox 1058 2738 1108 2798; x_wconf 93' lang='lat' dir='ltr'>vir</span> <span class='ocrx_word' id='word_1_266' title='bbox 1122 2754 1190 2798; x_wconf 88' lang='lat' dir='ltr'>me-</span> 
     </span>
     <span class='ocr_line' id='line_1_32' title="bbox 145 2821 1189 2902; baseline -0.006 -14"><span class='ocrx_word' id='word_1_267' title='bbox 145 2829 204 2889; x_wconf 91' lang='lat' dir='ltr'>lior</span> <span class='ocrx_word' id='word_1_268' title='bbox 225 2841 328 2902; x_wconf 88' lang='lat' dir='ltr'>neque</span> <span class='ocrx_word' id='word_1_269' title='bbox 348 2824 461 2885; x_wconf 83' lang='lat' dir='ltr'>semina</span> <span class='ocrx_word' id='word_1_270' title='bbox 480 2824 589 2886; x_wconf 91' lang='lat' dir='ltr'>tectior</span> <span class='ocrx_word' id='word_1_271' title='bbox 609 2824 640 2884; x_wconf 92' lang='lat' dir='ltr'>in</span> <span class='ocrx_word' id='word_1_272' title='bbox 658 2824 748 2886; x_wconf 86' lang='lat' dir='ltr'>terris</span> <span class='ocrx_word' id='word_1_273' title='bbox 765 2826 818 2898; x_wconf 88' lang='lat' dir='ltr'>sit,</span> <span class='ocrx_word' id='word_1_274' title='bbox 839 2827 981 2901; x_wconf 82' lang='lat' dir='ltr'>protecto</span> <span class='ocrx_word' id='word_1_275' title='bbox 1004 2838 1130 2899; x_wconf 87' lang='lat' dir='ltr'>semper</span> <span class='ocrx_word' id='word_1_276' title='bbox 1145 2821 1189 2896; x_wconf 92' lang='lat' dir='ltr'>id,</span> 
     </span>
     <span class='ocr_line' id='line_1_33' title="bbox 147 2907 1192 2986; baseline -0.007 -14"><span class='ocrx_word' id='word_1_277' title='bbox 147 2914 231 2985; x_wconf 87' lang='lat' dir='ltr'>quod</span> <span class='ocrx_word' id='word_1_278' title='bbox 247 2909 395 2986; x_wconf 90' lang='lat' dir='ltr'>optimum</span> <span class='ocrx_word' id='word_1_279' title='bbox 409 2908 556 2984; x_wconf 90' lang='lat' dir='ltr'>putabitis</span> <span class='ocrx_word' id='word_1_280' title='bbox 572 2924 653 2980; x_wconf 86' lang='lat' dir='ltr'>esse,</span> <span class='ocrx_word' id='word_1_281' title='bbox 668 2909 763 2969; x_wconf 91' lang='lat' dir='ltr'>multo</span> <span class='ocrx_word' id='word_1_282' title='bbox 776 2909 907 2970; x_wconf 84' lang='lat' dir='ltr'>maxime</span> <span class='ocrx_word' id='word_1_283' title='bbox 919 2907 1096 2984; x_wconf 88' lang='lat' dir='ltr'>requiretis,</span> <span class='ocrx_word' id='word_1_284' title='bbox 1108 2915 1146 2967; x_wconf 92' lang='lat' dir='ltr'>ut</span> <span class='ocrx_word' id='word_1_285' title='bbox 1158 2913 1192 2966; x_wconf 88' lang='lat' dir='ltr'>et</span> 
     </span>
     <span class='ocr_line' id='line_1_34' title="bbox 146 2990 1192 3069; baseline -0.006 -16"><span class='ocrx_word' id='word_1_286' title='bbox 146 2995 318 3055; x_wconf 78' lang='lat' dir='ltr'>tornaricus</span> <span class='ocrx_word' id='word_1_287' title='bbox 333 2992 377 3054; x_wconf 89' lang='lat' dir='ltr'>sis</span> <span class='ocrx_word' id='word_1_288' title='bbox 389 3010 481 3068; x_wconf 90' lang='lat' dir='ltr'>quam</span> <span class='ocrx_word' id='word_1_289' title='bbox 494 2990 628 3069; x_wconf 88' lang='lat' dir='ltr'>optimae</span> <span class='ocrx_word' id='word_1_290' title='bbox 643 3000 675 3053; x_wconf 90' lang='lat' dir='ltr'>et</span> <span class='ocrx_word' id='word_1_291' title='bbox 685 2993 761 3053; x_wconf 84' lang='lat' dir='ltr'>haec</span> <span class='ocrx_word' id='word_1_292' title='bbox 774 3010 864 3067; x_wconf 84' lang='lat' dir='ltr'>quam</span> <span class='ocrx_word' id='word_1_293' title='bbox 879 3000 935 3068; x_wconf 91' lang='lat' dir='ltr'>opt</span> <span class='ocrx_word' id='word_1_294' title='bbox 922 2991 996 3054; x_wconf 88' lang='lat' dir='ltr'>timo</span> <span class='ocrx_word' id='word_1_295' title='bbox 1009 2991 1076 3053; x_wconf 90' lang='lat' dir='ltr'>viro</span> <span class='ocrx_word' id='word_1_296' title='bbox 1089 2995 1192 3064; x_wconf 87' lang='lat' dir='ltr'>nupta</span> 
     </span>
     <span class='ocr_line' id='line_1_35' title="bbox 146 3074 1191 3151; baseline -0.001 -19"><span class='ocrx_word' id='word_1_297' title='bbox 146 3075 196 3134; x_wconf 86' lang='lat' dir='ltr'>sit</span> <span class='ocrx_word' id='word_1_298' title='bbox 174 3077 282 3137; x_wconf 89' lang='lat' dir='ltr'>tHie</span> <span class='ocrx_word' id='word_1_299' title='bbox 297 3094 391 3151; x_wconf 91' lang='lat' dir='ltr'>quum</span> <span class='ocrx_word' id='word_1_300' title='bbox 406 3077 500 3138; x_wconf 86' lang='lat' dir='ltr'>rebus</span> <span class='ocrx_word' id='word_1_301' title='bbox 515 3093 577 3138; x_wconf 92' lang='lat' dir='ltr'>non</span> <span class='ocrx_word' id='word_1_302' title='bbox 592 3074 694 3137; x_wconf 87' lang='lat' dir='ltr'>dubiis</span> <span class='ocrx_word' id='word_1_303' title='bbox 710 3077 879 3138; x_wconf 86' lang='lat' dir='ltr'>adsensum</span> <span class='ocrx_word' id='word_1_304' title='bbox 893 3082 987 3149; x_wconf 86' lang='lat' dir='ltr'>esset,</span> <span class='ocrx_word' id='word_1_305' title='bbox 1006 3077 1122 3137; x_wconf 82' lang='lat' dir='ltr'>factum</span> <span class='ocrx_word' id='word_1_306' title='bbox 1139 3078 1191 3133; x_wconf 88' lang='lat' dir='ltr'>est</span> 
     </span>
     <span class='ocr_line' id='line_1_36' title="bbox 144 3158 1190 3239; baseline 0 -24"><span class='ocrx_word' id='word_1_307' title='bbox 144 3159 522 3250; x_wconf 78' lang='lat' dir='ltr'>proptersimilitudiuem,</span> <span class='ocrx_word' id='word_1_308' title='bbox 533 3168 568 3222; x_wconf 89' lang='lat' dir='ltr'>ut</span> <span class='ocrx_word' id='word_1_309' title='bbox 580 3158 765 3233; x_wconf 88' lang='lat' dir='ltr'>etiamiilud,</span> <span class='ocrx_word' id='word_1_310' title='bbox 779 3161 864 3239; x_wconf 86' lang='lat' dir='ltr'>quod</span> <span class='ocrx_word' id='word_1_311' title='bbox 878 3158 1190 3226; x_wconf 84' lang='lat' dir='ltr'>dahiumvideretur,</span> 
     </span>
     <span class='ocr_line' id='line_1_37' title="bbox 147 3236 1190 3319; baseline 0.002 -24"><span class='ocrx_word' id='word_1_312' title='bbox 147 3236 175 3295; x_wconf 89' lang='lat' dir='ltr'>si</span> <span class='ocrx_word' id='word_1_313' title='bbox 195 3239 263 3307; x_wconf 90' lang='lat' dir='ltr'>quis</span> <span class='ocrx_word' id='word_1_314' title='bbox 279 3244 444 3311; x_wconf 86' lang='lat' dir='ltr'>separatim</span> <span class='ocrx_word' id='word_1_315' title='bbox 461 3252 638 3319; x_wconf 87' lang='lat' dir='ltr'>quaereret,</span> <span class='ocrx_word' id='word_1_316' title='bbox 661 3243 692 3303; x_wconf 89' lang='lat' dir='ltr'>id</span> <span class='ocrx_word' id='word_1_317' title='bbox 707 3259 764 3318; x_wconf 93' lang='lat' dir='ltr'>pro</span> <span class='ocrx_word' id='word_1_318' title='bbox 785 3251 871 3305; x_wconf 82' lang='lat' dir='ltr'>certo</span> <span class='ocrx_word' id='word_1_319' title='bbox 888 3251 1018 3319; x_wconf 86' lang='lat' dir='ltr'>propter</span> <span class='ocrx_word' id='word_1_320' title='bbox 1033 3239 1190 3302; x_wconf 87' lang='lat' dir='ltr'>rationem</span> 
     </span>
     <span class='ocr_line' id='line_1_38' title="bbox 147 3316 1191 3400; baseline 0.007 -26"><span class='ocrx_word' id='word_1_321' title='bbox 147 3316 278 3388; x_wconf 84' lang='lat' dir='ltr'>rogandi</span> <span class='ocrx_word' id='word_1_322' title='bbox 300 3326 533 3386; x_wconf 84' lang='lat' dir='ltr'>concederetur.</span> <span class='ocrx_word' id='word_1_323' title='bbox 569 3326 621 3387; x_wconf 79' lang='lat'>53</span> <span class='ocrx_word' id='word_1_324' title='bbox 642 3325 825 3388; x_wconf 88' lang='lat' dir='ltr'>Haemode</span> <span class='ocrx_word' id='word_1_325' title='bbox 848 3326 1000 3388; x_wconf 87' lang='lat' dir='ltr'>sermonis</span> <span class='ocrx_word' id='word_1_326' title='bbox 1020 3322 1191 3400; x_wconf 85' lang='lat' dir='ltr'>plurimum</span> 
     </span>
    </p>
   </div>
   <div class='ocr_carea' id='block_1_3' title="bbox 149 3396 1191 3485">
    <p class='ocr_par' dir='ltr' id='par_1_3' title="bbox 149 3396 1191 3485">
     <span class='ocr_line' id='line_1_39' title="bbox 149 3396 1191 3485; baseline 0.017 -35"><span class='ocrx_word' id='word_1_327' title='bbox 149 3396 294 3454; x_wconf 86' lang='lat' dir='ltr'>socrates</span> <span class='ocrx_word' id='word_1_328' title='bbox 309 3413 386 3457; x_wconf 86' lang='lat' dir='ltr'>usus</span> <span class='ocrx_word' id='word_1_329' title='bbox 402 3413 459 3473; x_wconf 91' lang='lat' dir='ltr'>est,</span> <span class='ocrx_word' id='word_1_330' title='bbox 474 3417 641 3482; x_wconf 88' lang='lat' dir='ltr'>propterea</span> <span class='ocrx_word' id='word_1_331' title='bbox 657 3408 741 3481; x_wconf 90' lang='lat' dir='ltr'>quod</span> <span class='ocrx_word' id='word_1_332' title='bbox 752 3408 848 3470; x_wconf 90' lang='lat' dir='ltr'>nihil</span> <span class='ocrx_word' id='word_1_333' title='bbox 840 3424 909 3485; x_wconf 85' lang='lat' dir='ltr'>ipse</span> <span class='ocrx_word' id='word_1_334' title='bbox 923 3408 1047 3469; x_wconf 78' lang='lat' dir='ltr'>adferre</span> <span class='ocrx_word' id='word_1_335' title='bbox 1060 3407 1103 3468; x_wconf 87' lang='lat' dir='ltr'>ad</span> <span class='ocrx_word' id='word_1_336' title='bbox 1116 3423 1191 3481; x_wconf 89' lang='lat' dir='ltr'>per·</span> 
     </span>
    </p>
   </div>
   <div class='ocr_carea' id='block_1_4' title="bbox 0 0 1292 3892">
    <p class='ocr_par' dir='ltr' id='par_1_4' title="bbox 0 0 1292 3892">
     <span class='ocr_line' id='line_1_40' title="bbox 0 0 1292 3892; baseline 0 0"><span class='ocrx_word' id='word_1_337' title='bbox 0 0 1292 3892; x_wconf 95' lang='lat' dir='ltr'> </span> 
     </span>
    </p>
   </div>
  </div>
 </body>
</html>
