2575 3892
145 212 189 271 74
483 209 537 266 ΑΙ)
561 208 592 266 C.
615 206 843 266 HERENNIUM

142 376 293 445 studiose,
310 371 449 448 loqueris
461 371 581 433 odiose.
599 373 688 432 Item:
704 369 873 433 Audaciter
884 371 1017 442 territas,
1030 370 1206 436 humiliter

144 463 260 534 placas.
278 457 364 517 Haec
377 456 440 517 duo
456 472 581 530 genera,
595 472 728 530 quorum
743 458 872 517 alterurn
882 455 913 516 in
930 455 1041 527 exitus,
1054 458 1203 520 alterurn

142 544 173 605 in
190 557 284 603 casus
303 538 500 601 similitudine
517 546 675 612 versatur,
696 537 776 599 inter
795 556 831 600 se
850 539 1052 599 veliementer
1071 555 1201 603 eonve-

142 628 246 696 niunt;
274 630 306 684 et
320 639 358 684 ea
371 639 423 695 re,
441 621 496 697 qui
515 622 563 683 his
577 624 659 683 bene
675 628 816 695 utuntur,
833 625 1017 698 plerumque
1032 622 1127 684 simul
1153 642 1199 686 ea

142 713 298 771 collocant
311 706 342 768 in
363 705 473 768 iisdem
488 706 628 780 partibus
644 704 804 767 orationis.
839 706 874 767 Id
894 706 956 766 lioc
971 706 1065 767 modo
1081 709 1198 768 lacere

143 800 283 869 oportet:
304 789 515 872 perditissima
529 789 607 850 ratio
620 798 670 851 est
684 805 820 850 amorem
835 796 954 866 petere,
969 790 1124 864 pudorem
1144 794 1194 852 lu-

142 893 233 954 gere,
256 875 384 951 diligere
399 875 544 945 formam,
566 873 724 950 negligere
743 876 865 934 lamam.
904 874 961 933 Hic
977 880 1009 932 et
1024 890 1061 933 ea
1078 876 1194 947 verba,

143 976 226 1036 quae
242 975 334 1020 casus
347 958 472 1027 habent,
487 957 528 1018 ad
540 973 632 1017 casus
644 956 760 1019 similes
772 965 803 1018 et
816 957 877 1035 illa,
893 973 975 1031 quae
986 973 1049 1017 non
1061 957 1192 1031 habent,

143 1042 314 1105 adsimiles
330 1041 433 1103 exitus
450 1041 588 1102 veniunt.

226 1126 305 1186 xxi.
321 1125 372 1186 29.
381 1124 678 1211 defflillflilsslsi
692 1140 787 1200 quum
798 1125 838 1184 ad
852 1122 935 1185 idem
950 1123 1079 1186 verbum
1091 1131 1123 1184 et
1133 1126 1204 1198 [ad

141 1209 237 1278 idem]
253 1208 375 1268 nomen‘
383 1209 542 1269 acceditur
563 1209 804 1269 commutatione
818 1210 871 1267 vel
878 1206 1191 1291 aqflilissjitisssffiessut

142 1292 312 1352 litterarum
324 1298 378 1351 aut
388 1292 428 1350 ad
437 1307 489 1350 res
500 1290 665 1351 dissimiles
677 1290 786 1351 similia
797 1288 1190 1353 verba¹acccmmodantnr

141 1376 188 1435 Ea
202 1372 304 1434 multis
326 1381 358 1433 et
378 1371 471 1432 variis
489 1373 660 1434 rationibus
684 1373 855 1435 conficitur.
891 1375 1109 1436 attenuatione
1130 1383 1192 1436 aut

141 1455 360 1533 complexione
376 1457 515 1518 eiusdem
533 1457 663 1528 litterae,
680 1458 741 1518 sic:
762 1458 828 1531 Hic,
847 1457 900 1533 qui
915 1475 950 1520 se
965 1457 1126 1534 magnifice
1142 1459 1191 1518 ia-

142 1549 207 1603 ctat
223 1549 317 1616 atque
335 1547 486 1611 ostentat,
503 1540 599 1601 veniit
613 1550 694 1613 ame,
716 1559 808 1618 qnam
823 1543 953 1604 Romam
968 1542 1061 1604 venit.
1091 1542 1132 1602 Et
1149 1559 1189 1603 ex

140 1625 310 1697 contrario,
324 1625 385 1686 sic:
401 1623 469 1696 llic,
482 1641 561 1700 quos
572 1625 713 1687 homines
725 1629 794 1687 alea
804 1625 906 1698 vincit,
920 1643 976 1687 eos
988 1629 1071 1686 ferro
1084 1626 1189 1686 statim

143 1710 250 1771 vincit.
268 1707 477 1770 Productione
489 1707 629 1770 eiusdem
639 1708 769 1783 litterae,
784 1711 845 1770 hoc
859 1710 968 1771 modo:
984 1711 1073 1771 Hunc
1085 1709 1188 1772 livium

139 1795 277 1855 dulcedo
300 1792 386 1856 ducit
403 1793 443 1853 ad
465 1793 576 1853 avium.
616 1793 777 1855 Brevitate
802 1794 940 1854 eiusdem
961 1793 1100 1866 litterae,
1128 1794 1187 1855 hoe

144 1879 256 1937 modo:
273 1877 330 1937 Hie
346 1875 468 1936 tametsi
481 1875 603 1937 videtur
615 1892 687 1935 esse
702 1877 830 1936 honoris
848 1876 989 1950 cupidus
1006 1882 1113 1937 tamen
1124 1893 1185 1938 nou

143 1965 264 2019 tantum
285 1959 400 2019 curiam
424 1958 533 2033 diligit,
557 1967 705 2034 quantum
721 1959 850 2019 Curiam.
882 1957 1044 2017 Addendis
1068 1960 1185 2031 litteris,

141 2041 205 2101 lioc
221 2047 329 2115 pacto:
350 2042 407 2100 Hic
422 2041 480 2100 sibi
496 2050 606 2114 posset
619 2049 810 2115 temperare,
830 2039 889 2100 nisi
902 2042 1000 2101 amori
1014 2044 1119 2104 mallet
1135 2045 1186 2104 ob·

144 2131 327 2199 temperare.
363 2124 531 2185 Demendis
545 2142 621 2186 vero
637 2124 762 2197 litteris,
778 2124 839 2186 sic:
860 2122 894 2186 Si
907 2127 1039 2187 lenones
1055 2126 1187 2188 vitasset

131 2215 301 2281 tamquam
316 2209 435 2281 leones,
450 2207 534 2269 vitae
548 2209 728 2271 tradidisset
745 2226 791 2270 se.
817 2210 1053 2271 Transierendis
1069 2211 1187 2281 litteris,

141 2291 205 2352 sic:
218 2290 341 2363 Videte,
349 2289 586 2363 iudicesutrum
598 2293 713 2357 homini
724 2310 806 2354 navo
817 2310 859 2356 an
870 2311 953 2355 vano
965 2294 1094 2355 eredere
1104 2293 1186 2354 mali-

142 2374 193 2435 tis.
212 2377 303 2435 Item:
315 2377 393 2435 Nolo
407 2392 478 2436 esse
490 2378 641 2447 laudator,
655 2393 694 2436 ne
707 2379 816 2437 videar
826 2379 979 2438 adulator.
996 2379 1189 2439 Commutan-
1262 2386 1263 2407 ¹

141 2457 202 2526 dis,
211 2458 370 2517 hocmodo
382 2475 388 2515 :
401 2457 544 2531 Deligere
557 2467 690 2533 oportet,
699 2475 790 2532 quem
797 2458 877 2519 velis
885 2460 1023 2537 diligere.
1035 2463 1106 2523 Hae
1114 2469 1187 2521 sunt

144 2538 428 2608 adnominatiunes,
452 2538 576 2612 quaein
591 2542 762 2601 litterarum
778 2542 865 2603 brevi
881 2549 1119 2606 commutatione
1133 2552 1187 2603 aut
1262 2548 1263 2625 l

143 2619 349 2697 productione
365 2630 419 2681 aut
436 2620 655 2684 transiectione
672 2631 726 2685 aut
747 2624 853 2700 aliquo
871 2627 1054 2690 huiusmodi
1072 2643 1185 2702 genere
1262 2636 1263 2701 l

144 2710 319 2765 versantur.
343 2704 435 2766 XXll.
452 2703 503 2766 30.
519 2705 599 2768 Sunt
610 2715 713 2768 autem
725 2709 813 2782 aliae,
830 2729 911 2786 quae
925 2731 988 2775 non
1000 2713 1184 2772 habeuttam
1262 2710 1263 2767 l

143 2789 353 2868 propinquam
367 2788 399 2850 in
410 2788 515 2852 verbis
530 2789 760 2853 similitudinem
774 2801 806 2855 et
823 2802 927 2859 tamen
943 2795 1109 2859 dissimiles
1123 2810 1184 2855 non
1262 2772 1263 2863 i

141 2882 232 2937 suut:
247 2875 358 2952 quibus
371 2876 410 2935 de
419 2875 585 2950 generibus
598 2894 693 2937 unum
704 2886 753 2939 est
765 2867 956 2942 huiusmodi:
970 2880 1048 2953 Quid
1055 2880 1183 2950 veniam,
1262 2912 1263 2943 l

144 2962 200 3032 qui
215 2960 288 3031 sini,
305 2976 402 3035 quare
415 2959 553 3031 veniam,
569 2977 661 3036 quem
677 2961 866 3036 insimulem,
883 2963 932 3025 eui
946 2961 1077 3037 prosim,
1095 2973 1185 3035 quein
1262 2996 1263 3005 κ

144 3045 311 3112 postulem,
325 3044 414 3102 brevi
429 3047 637 3119 cognoscetis
657 3048 733 3106 Nam
748 3046 798 3107 hic
815 3046 907 3108 estin
923 3044 1105 3119 quibusdam
1117 3059 1184 3103 ver-

120 3119 193 3188 ,bis
204 3125 363 3215 ‘quaedam
379 3124 545 3188 similitudo
562 3144 624 3203 non
642 3135 706 3189 tam
723 3130 922 3200 adfectanda,
942 3143 1035 3202 quam
1049 3126 1120 3188 illae
1134 3143 1182 3189 su·

144 3216 296 3276 periores,
309 3210 367 3266 sed
377 3215 481 3269 tamen
493 3209 666 3271 adhibenda
679 3229 919 3288 nonnumquam.
937 3213 1076 3273 Alterum
1088 3229 1180 3289 genus

144 3285 337 3377 huiusmodi:
353 3289 467 3350 Demus
484 3309 619 3367 operam,
636 3288 778 3368 Quirites,
794 3313 835 3357 ne
851 3295 975 3357 omnino
990 3304 1097 3374 patres
1113 3313 1180 3358 con-

145 3372 254 3456 scripti
269 3372 492 3458 circumscripti
508 3383 664 3448 putentur.
694 3378 780 3437 Haec
795 3380 1005 3441 adnominatio
1022 3381 1118 3456 magis
1133 3397 1180 3441 ac·

143 3445 227 3502 cedit
241 3446 282 3503 ad
298 3449 525 3511 similitudinem
542 3473 634 3528 quam
651 3458 803 3533 superior,
820 3462 879 3519 scd
892 3462 993 3522 minus
1010 3481 1103 3537 quain
1116 3464 1180 3524 illue
