2575 3892
119 220 153 274 93
318 212 434 273 LIBER
444 214 481 272 ll.
506 214 588 274 col).
605 224 724 278 tlt-47.
748 221 773 283 S.
787 223 942 278 lat-140.
1097 214 1160 278 195
1260 226 1261 229 ’

120 373 171 424 aut
188 367 336 425 relatione
358 366 491 425 criminis
514 374 565 426 aut
579 367 793 437 concessionis
811 368 947 442 partibus
964 381 998 426 se
1007 369 1162 440 defendet,
1260 380 1261 385 ’

118 481 161 494 -
175 449 214 508 de
229 449 342 524 quibus
357 456 434 521 ante,
450 457 484 509 ut
498 450 663 524 potuimus
680 450 840 525 diligenter
854 451 1093 526 perscripsimus
1106 484 1161 525 -,

118 533 198 592 side
212 533 250 590 iis
263 532 350 605 locis,
364 546 444 606 quae
457 549 508 592 res
523 534 700 608 postulabit,
717 535 756 594 ad
772 550 899 594 causam
914 534 1161 596 adversariorum

117 615 354 689 improbandam
368 617 604 692 transferemus,
629 626 681 677 aut
696 634 809 679 causae
825 617 1004 678 errationes
1020 619 1161 679 adteren-

117 706 176 771 tur,
200 705 346 772 quercet
368 716 429 775 quo
451 702 580 761 consilio
604 703 646 760 ita
667 702 755 761 sitin
778 703 846 776 lege
867 706 920 761 aut
933 699 964 758 in
978 706 1161 761 testamento

119 783 283 857 scriptum,
305 790 339 842 ut
360 786 512 844 sententia
533 801 659 859 quoque
679 792 710 844 et
729 786 886 846 voluntate
902 784 1077 858 scriptoris,
1099 801 1162 845 non

118 867 188 940 ipsa
213 869 313 926 solum
339 868 492 942 scriptura
515 884 609 929 causa
636 869 816 930 confirmata
837 883 908 929 esse
933 868 1089 943 videatur,
1111 875 1163 928 aut

120 951 187 1009 aliis
204 966 330 1026 quoque
345 953 612 1012 constitutionibus
628 953 740 1012 lactum
756 957 949 1027 coarguetur.

202 1034 320 1094 XLVII.
344 1032 415 1096 138.
440 1036 551 1096 Contra
566 1036 715 1110 scriptum
731 1042 832 1096 autem
848 1035 900 1110 qui
915 1035 1010 1108 dicet,
1031 1034 1162 1109 primurn

120 1116 243 1176 inducet
264 1133 333 1176 eum
353 1119 471 1193 locum,
491 1133 549 1193 per
569 1133 660 1194 quem
680 1118 820 1193 aequitas
842 1133 956 1179 causae
971 1117 1162 1178 demonstre—

119 1207 183 1268 tur;
206 1208 258 1260 aut
279 1202 434 1275 ostendet,
457 1217 519 1276 quo
541 1204 657 1276 animo,
682 1219 743 1276 quo
767 1202 910 1273 consilio,
936 1217 997 1276 qua
1013 1201 1052 1260 de
1067 1217 1164 1261 causa

118 1284 241 1353 lecerit;
257 1293 294 1358 et,
312 1300 528 1360 quencumque
543 1301 669 1344 causam
684 1286 834 1359 adsumet,
851 1285 1077 1360 adsumptionis
1090 1301 1161 1359 par-
1261 1358 1262 1367 ἵ

116 1366 198 1427 tibus
220 1382 255 1427 sc
270 1367 430 1438 desendet,
452 1368 492 1427 de
507 1369 620 1444 quibus
636 1368 835 1430 antedictum
850 1376 907 1429 est.
939 1371 1042 1444 Atque
1056 1370 1087 1428 in
1101 1368 1162 1429 hoc

118 1451 188 1507 loeo
205 1466 299 1522 quum
314 1451 428 1509 diutius
444 1460 650 1511 commoratus
667 1452 715 1509 sui
729 1453 801 1511 facti
814 1452 966 1512 rationem
981 1459 1012 1511 et
1024 1453 1162 1527 aequita-
1261 1442 1262 1521 J

118 1538 180 1589 tem
196 1545 309 1589 causae
324 1534 535 1603 exornaverit,
560 1541 625 1591 tuni
639 1548 679 1591 ex
693 1532 741 1591 his
758 1534 835 1592 locis
850 1534 915 1593 lere
931 1540 1039 1593 eontra
1052 1535 1162 1593 adver-

120 1614 221 1675 sarios
244 1614 326 1673 dicct
347 1621 491 1688 oportere
516 1629 627 1674 causas
654 1615 762 1690 accipi.
797 1617 1025 1681 Demonstrabit
1049 1616 1182 1676 nullam'

120 1714 192 1758 csse
217 1699 332 1773 legem,
359 1712 439 1772 quae
462 1697 595 1773 aliquam
619 1713 685 1757 rem
708 1700 843 1759 inutilem
868 1708 920 1761 ant
940 1700 1077 1776 iniquam
1096 1700 1162 1760 lieri
1261 1698 1262 1783 s

118 1784 208 1852 velit3
225 1781 327 1842 omnia
341 1780 503 1858 supplicia,
519 1796 599 1856 quae
610 1782 649 1841 ab
661 1782 781 1856 legibus
793 1784 1036 1858 proficiscantur,
1054 1785 1163 1857 culpae

120 1882 157 1927 ac
171 1866 303 1925 malitiae
317 1864 521 1926 vindicandae
537 1880 633 1926 causa
649 1866 813 1926 constituta
827 1881 917 1939 esse;
939 1865 1010 1929 139.
1033 1867 1162 1941 scripto-

118 1964 184 2008 rem
195 1950 307 2024 ipsum,
321 1950 347 2010 si
360 1951 498 2025 exsistat,
510 1953 625 2012 lactum
634 1950 696 2013 lroc
706 1949 905 2028 probaturum
919 1958 948 2011 et
959 1951 1162 2025 idemipsum,

120 2034 148 2092 si
163 2035 191 2093 ei
206 2034 276 2095 talis
291 2048 344 2094 res
360 2035 535 2108 accidisset,
551 2035 702 2098 facturum
716 2036 829 2106 luisse;
845 2052 883 2097 ea
893 2051 927 2096 re
940 2035 1018 2112 legis
1031 2035 1162 2112 scripto·
1262 2066 1263 2113 3

118 2131 186 2175 rem
207 2124 291 2177 certo
314 2132 353 2176 ex
372 2119 481 2179 ordine
499 2119 619 2179 iudices
641 2126 725 2180 certa
745 2126 844 2180 aetate
868 2121 1026 2196 praeditos
1049 2120 1163 2182 consti-
1262 2134 1263 2169 2

117 2201 285 2276 tuisse,>ut
300 2209 419 2276 essent,
441 2218 502 2264 non
526 2204 578 2278 qui
599 2205 747 2278 scriptum
768 2220 858 2264 suurn
878 2204 1056 2276 recitarent,
1078 2203 1162 2278 quod

122 2285 223 2359 quivis
238 2300 318 2359 puer
332 2288 434 2346 lacere
447 2293 571 2362 posset,
592 2287 650 2347 sed
666 2289 718 2363 qui
733 2288 919 2363 cogitatione
938 2286 1068 2360 adsequi
1087 2302 1161 2360 pos-

118 2374 189 2427 sent
203 2376 234 2428 et
247 2370 435 2429 voluntatem
449 2370 657 2446 interpretari,
680 2369 792 2431 deinde
812 2370 896 2431 illum
917 2371 1113 2444 scriptorem,
1136 2369 1163 2429 si

119 2453 235 2526 scripta
256 2468 315 2512 sua
336 2455 436 2514 stultis
457 2454 631 2514 hominibus
655 2461 685 2514 et
702 2455 842 2514 barbaris
857 2454 1011 2513 iudicibus
1028 2453 1162 2514 commit·

117 2543 210 2610 teret,
242 2537 343 2597 omnia
365 2554 483 2597 summa
504 2538 661 2612 diligentia
682 2538 925 2615 perscripturum
946 2537 1059 2609 luisse;
1081 2553 1163 2598 nunc

116 2633 209 2690 vero,
226 2620 309 2694 quod
324 2621 519 2696 intelligeret,
536 2624 644 2696 quales
658 2622 716 2682 viri
728 2637 780 2683 res
794 2620 956 2683 iudicaturi
976 2628 1096 2696 essent,
1117 2622 1162 2680 id-

118 2702 201 2761 circo
224 2717 309 2776 eum,
337 2719 417 2777 quae
437 2706 603 2779 perspicua
621 2705 742 2768 videret
763 2721 849 2781 esse,
875 2721 937 2767 non
959 2705 1162 2780 ascripsisse;

117 2799 222 2858 neque
242 2785 323 2844 enim
343 2802 400 2846 vos
417 2788 523 2861 scripti
539 2790 587 2848 sui
600 2788 798 2863 recitatores,
820 2787 877 2852 sed
890 2787 1055 2849 voluntatis
1071 2789 1162 2846 inter·
1184 2802 1186 2811 ·

116 2874 225 2944 prelcs
247 2867 314 2926 fore
334 2870 466 2942 putavit3
495 2868 566 2932 140.
589 2879 699 2945 postea
725 2886 873 2948 quaerere
899 2872 937 2931 ab
958 2871 1162 2932 adversarias

120 2950 215 3025 Quid,
235 2951 261 3010 si
278 2948 339 3008 hoc
355 2947 500 3007 lecisset?
532 2946 625 3018 Quid,
649 2948 676 3007 si
693 2945 954 3007 hocaccidissetl
982 2946 1097 3006 Eorum
1112 2944 1166 3006 ali·

122 3035 214 3109 quid,
234 3034 266 3092 in
289 3031 402 3106 quibus
423 3038 476 3090 aut
497 3044 593 3089 causa
607 3029 648 3089 sit
660 3029 881 3090 honestissima
897 3035 950 3089 aut
964 3029 1164 3089 necessitudo

120 3118 302 3186 certissima,
314 3121 458 3174 tamenne
470 3114 673 3174 accusarent?
686 3114 786 3189 Atqui
799 3114 859 3172 hoc
876 3116 926 3172 lex
941 3128 1095 3188 nusquam
1111 3128 1163 3171 ex·

123 3203 220 3275 cepit;
244 3216 307 3261 non
324 3199 428 3259 omnia
444 3213 517 3273 ergo
533 3196 672 3271 scriptis,
689 3198 745 3257 sed
763 3197 931 3273 quaedam,
949 3212 1029 3273 quae
1044 3194 1165 3272 perspi·

123 3300 181 3345 cua
196 3284 264 3355 sint,
280 3283 382 3345 tacitis
395 3279 630 3357 exceptionibus
646 3280 767 3353 caveri;
784 3279 895 3341 deinde
903 3282 1018 3341 nullam
1026 3296 1099 3339 rem
1113 3293 1165 3335 ne·

123 3384 183 3441 que
204 3370 324 3444 legibus
348 3382 452 3442 neque
477 3365 630 3440 scriptura
652 3367 731 3436 ulla,
751 3364 887 3437 denique
906 3380 947 3424 ne
967 3365 998 3424 in
1020 3370 1165 3420 sermone

123 3453 247 3525 quidem
270 3450 450 3529 quotidiano
471 3459 566 3526 atque
587 3447 724 3524 imperiis
751 3446 1040 3585 domesticjig*recte
1066 3449 1165 3513 posse
