2575 3892
122 190 179 244 au,
356 152 472 237 uranu
485 179 508 235 1.
532 178 614 236 cor.
630 186 751 239 m-m
774 185 799 245 s.
816 187 936 242 re-sr.
1090 168 1168 245 '141
1260 146 1261 227 ζ

124 333 258 394 caedem
273 331 384 393 lactan
398 343 470 386 esse
485 320 621 400 oportet,
637 326 669 383 in
684 328 752 385 loco
766 328 881 387 celebri
895 329 988 389 homo
1002 326 1103 390 occidi
1116 330 1169 405 qui

125 414 249 494 potuitt
263 421 315 473 aut
330 411 357 471 si
370 410 411 481 id,
429 409 514 484 quod
523 424 597 473 ‚raro
609 407 651 481 fit,
667 406 734 467 fieri
747 407 869 475 omnino
881 419 1017 484 negatur,
1031 421 1065 472 ut
1077 412 1168 474 curio

124 516 188 577 pro
202 494 326 557 Fidulo:
351 494 447 553 Nemo
468 497 572 566 polest
592 507 654 550 uno
671 499 800 564 aspectu
814 507 916 565 neque
930 494 1119 567 praeteriens
1135 497 1167 555 in
1260 508 1261 511 ’

125 597 266 642 amorem
279 577 425 638 incidere.
456 573 507 638 al.
524 574 613 646 Quod
629 581 729 634 autem
743 589 800 648 pro
816 573 905 647 signo
921 584 1065 650 sumetur,
1081 575 1113 638 ld
1128 596 1168 640 ex
1260 642 1261 647 ,

125 665 243 725 iisdem
255 661 342 733 locis,
359 659 471 735 quibus
486 658 693 729 confirmatur,
708 655 917 727 infirmabitur.
943 658 1019 717 Nam
1032 659 1063 719 in
1079 661 1166 737 signo
1260 666 1261 677 ³

127 746 262 822 primurn
280 758 388 804 verum
410 757 482 805 esse
503 740 626 802 ostendi
647 746 782 815 oportet;
808 739 921 801 deinde
943 757 1015 801 esse
1035 742 1103 802 eius
1123 744 1169 803 rei

126 829 252 904 signum
266 826 433 904 proprium,
457 841 518 900 qua
533 825 573 884 de
587 822 695 897 agitur,
709 831 743 883 ut
758 837 898 897 cruorem
913 824 1033 894 caedis;
1056 823 1168 885 deinde
1235 874 1238 881 .
1260 854 1261 883 ;

127 914 243 973 lactum
264 927 351 984 esse,
377 911 462 984 quod
482 925 545 968 non
565 906 750 982 oportuerit,
775 915 908 968 autnon
930 909 1062 979 lactum,
1085 910 1170 982 quod

127 994 314 1070 oportuerit;
337 1001 494 1068 postremo
511 989 610 1050 scisse
625 1005 705 1061 eum,
726 989 843 1067 dequo
860 989 1024 1065 quaeritur,
1041 990 1109 1050 eius
1124 990 1169 1050 rei
1260 992 1261 1067 j

127 1080 231 1152 legem
245 1087 276 1138 el
290 1075 554 1137 consuetudinem.
574 1072 651 1147 Nam
666 1088 721 1132 eae
735 1089 786 1132 res
802 1080 874 1133 sunt
888 1074 976 1148 signo
990 1073 1168 1145 attributam
1260 1140 1261 1149 ἶ

127 1178 209 1236 quas
231 1159 406 1235 diligentius
425 1156 617 1234 aperiemus,
644 1172 739 1231 quum
759 1155 984 1231 separatimde
1004 1155 1074 1233 ipsa
1096 1166 1169 1217 con-

125 1243 267 1305 iecturali
288 1241 505 1303 constitutione
521 1239 669 1303 dicemus.
701 1239 782 1313 Ergo
797 1239 906 1327 horum
922 1255 1016 1301 unum
1031 1240 1169 1316 quidque
1260 1302 1261 1305 ,

126 1326 160 1386 ln
180 1325 422 1403 reprehensione
443 1330 496 1385 aut
510 1338 572 1382 non
587 1338 660 1383 esse
675 1321 764 1396 signo
779 1320 957 1397 aut'parum
968 1339 1079 1398 magno
1096 1339 1169 1384 esse
1260 1356 1261 1367 2

128 1418 182 1469 aut
196 1427 214 1468 a
229 1426 264 1468 se
280 1409 392 1482 potius
408 1423 500 1481 quam
515 1407 554 1465 ab
569 1404 864 1478 adversariisstare,
879 1415 932 1469 aut
947 1406 1070 1467 omnino
1087 1407 1166 1466 lalso

129 1490 192 1550 dici
206 1498 258 1550 aut
272 1491 302 1548 in
317 1490 408 1548 aliam
423 1503 548 1563 quoque
563 1487 773 1561 suspicionem
788 1488 859 1546 duci
871 1504 967 1562 posse
977 1491 1167 1551 demonstra·
1260 1560 1261 1563 Ἴ

128 1572 221 1632 bitur.
243 1571 346 1632 xtltt
367 1569 418 1632 82.
433 1570 531 1642 Quum
546 1576 647 1637 autem
661 1585 717 1642 pro
734 1570 934 1643 comparabili
948 1570 1065 1646 aliquid
1079 1570 1163 1632 indu*

130 1663 226 1728 cetur,
243 1651 387 1730 quoniam
401 1651 434 1711 id
447 1667 504 1727 per
519 1650 747 1710 similitudinem
761 1651 891 1713 maxime
905 1660 1058 1725 tractatam,
1074 1652 1106 1711 in
1119 1669 1164 1714 re·

131 1736 353 1814 prehendendo
376 1733 540 1796 conveniet
560 1733 658 1792 simile
672 1731 704 1792 id
717 1749 831 1808 negare
846 1751 936 1808 esse,
961 1737 1046 1811 quod
1061 1736 1164 1804 conle-
1260 1736 1261 1739 ’

129 1829 228 1893 retur,
252 1819 289 1892 ei,
313 1818 435 1894 quicum
450 1818 632 1878 conferetur.
665 1816 701 1875 ld
715 1815 781 1877 ficri
796 1816 916 1891 poterit,
937 1816 964 1876 si
979 1818 1165 1878 demonstra«

129 1903 211 1964 bitur
222 1903 379 1962 diversum
390 1916 462 1963 esse
472 1915 596 1975 genere,
607 1907 723 1971 natiue,
736 1898 777 1971 vi,
790 1898 1007 1973 magnitudine
1019 1907 1166 1978 tempore,

129 1988 210 2061 loco,
230 1998 376 2061 persona,
397 1982 558 2060 opinionc;
586 1998 624 2042 ac
639 1980 677 2056 si,
698 1999 760 2058 quo
775 1981 806 2042 in
824 1998 949 2045 numero
964 1982 1059 2056 illud,
1082 1985 1167 2060 quod

131 2085 186 2144 per
201 2068 428 2131 similitudinem
443 2068 608 2138 adteretur,
630 2073 661 2128 et
676 2067 781 2141 quoin
798 2066 868 2125 loco
882 2066 952 2140 hoc,
967 2066 1055 2128 cuius
1071 2083 1168 2127 causa
1260 2076 1261 2079 ’

131 2150 299 2224 adteretur,
324 2150 430 2210 haberi
445 2146 623 2222 conveniat,
648 2150 836 2215 ostendetur.
870 2150 1005 2224 Deinde,
1027 2150 1101 2226 quid
1114 2166 1166 2210 res

132 2249 201 2295 cum
214 2249 249 2294 re
264 2232 400 2307 differat,
421 2231 716 2293 demonstrabimus:
739 2247 779 2291 ex
800 2249 861 2306 quo
883 2232 1062 2293 docebimus
1083 2232 1167 2293 aliud

130 2319 169 2378 de
184 2333 237 2388 eo,
261 2314 602 2395 quodcomparabitur‚
623 2323 654 2374 et
668 2316 707 2374 de
722 2315 916 2393 eopquicum
931 2316 1166 2389 comparabitur,

130 2399 306 2460 existimare
329 2406 484 2474 oportere.
525 2398 624 2459 Huius
651 2397 803 2458 securitatis
827 2397 960 2458 maxime
984 2397 1166 2473 indigemus,

130 2499 224 2558 quum
239 2499 277 2543 ea
290 2481 361 2558 ipsa
375 2479 605 2557 argumentatio,
622 2496 703 2554 quac
717 2496 774 2555 per
788 2478 996 2544 inductionem
1010 2488 1164 2551 mactatur,

130 2565 186 2626 erit
204 2566 469 2641 reprehendenda.
506 2554 559 2625 Sin
580 2563 747 2624 iudicatum
761 2563 887 2641 aliquod
902 2564 1063 2639 inferetur,
1090 2581 1165 2640 quo-

131 2647 212 2705 niam
225 2648 258 2705 id
272 2664 312 2706 ex
325 2648 374 2708 his
389 2648 467 2709 locis
483 2647 616 2707 maxime
630 2646 782 2707 firmatur:
804 2649 893 2708 laude
909 2664 1030 2721 eorum,
1052 2649 1106 2722 qui
1120 2649 1165 2709 iu·
1260 2642 1261 2645 ’

131 2728 283 2797 dicarunt3
310 2725 506 2790 similitudine
520 2729 589 2790 eius
602 2727 663 2800 rei,
687 2743 749 2804 qua
764 2728 803 2788 de
817 2729 931 2807 agitur,
954 2730 994 2789 ad
1008 2746 1077 2790 eam
1090 2747 1164 2813 rerp,

134 2826 193 2886 qua
207 2811 245 2869 de
259 2809 424 2872 iudicatum
438 2819 501 2880 est;
517 2819 547 2872 et
558 2810 826 2873 commemorando
839 2828 901 2872 non
913 2812 1005 2872 modo
1018 2828 1081 2872 non
1093 2828 1166 2872 esse

133 2892 350 2969 reprehensum
365 2892 521 2967 iudicium,
542 2895 600 2954 sed
613 2892 653 2952 ab
669 2894 811 2956 omnibus
826 2896 1044 2972 approbatum
1069 2902 1099 2956 et
1112 2896 1165 2954 dc·

133 2973 331 3035 monstrando
343 2971 496 3032 dilfioilius
512 2980 543 3032 et
555 2973 654 3047 maius
664 2974 762 3034 luisse
771 2974 812 3045 id,
825 2975 908 3048 quod
920 2982 991 3035 ante
1002 2976 1167 3037 iudicatum

130 3059 296 3129 adteratur,
305 3073 397 3130 quam
408 3055 448 3127 id,
462 3057 547 3130 quod
558 3056 666 3115 instet:
679 3055 839 3119 contrariis
851 3058 937 3131 locis,
951 3061 977 3119 si
989 3077 1039 3120 res
1052 3067 1104 3120 aut
1116 3077 1166 3121 ve-

131 3158 166 3201 re
180 3148 232 3201 aut
246 3139 313 3200 veri
328 3138 433 3199 similis
451 3139 620 3214 permittet,
635 3139 781 3200 infirmari
797 3141 962 3217 oportebit.
990 3145 1094 3220 Atque
1110 3145 1168 3205 erit

132 3226 361 3286 observandum
376 3222 544 3297 diligenter,
562 3222 685 3283 nenihil
699 3225 739 3283 ad
753 3224 794 3298 id,
810 3241 872 3298 quo
888 3227 928 3286 de
943 3235 1060 3302 agatur,
1073 3228 1167 3303 perti·
1260 3290 1261 3295 γ

134 3315 202 3368 neat
211 3308 252 3380 id,
262 3308 347 3382 quod
355 3306 519 3367 iudicatum
532 3306 585 3379 sit3
598 3313 630 3367 et
639 3307 816 3377 videndum,
824 3324 864 3367 ne
872 3324 909 3369 ea
918 3327 970 3370 res
982 3314 1165 3385 proseratur,

131 3391 162 3450 in
177 3392 292 3464 quasit
308 3391 478 3462 offensum,
492 3399 527 3452 ut
541 3392 580 3451 de
594 3389 679 3465 ipso,
697 3390 749 3466 qui
763 3390 917 3464 iudicarit,
938 3393 1083 3452 iudicium
1099 3389 1165 3445 fieri
