2575 3892
318 207 434 267 LIBER
455 207 507 267 lv.
533 209 616 268 CAP.
639 217 761 273 55-56.
781 217 807 280 §0
830 218 951 273 68-69.
1095 212 1152 274 101

114 383 209 446 atque
224 391 242 433 e
256 374 375 448 populo
390 390 487 433 unus:
502 372 596 449 Fuge,
612 374 721 455 inquit,
737 373 849 434 Tiberi.
877 377 945 435 Non
961 375 1072 438 vides?
1098 379 1157 438 Re·

114 476 133 517 s
156 458 216 528 ice,
235 459 372 531 inquam.
410 456 529 518 Deinde
553 474 631 532 vaga
647 457 824 533 multitudo,
841 459 945 519 subito
964 461 1072 521 timore
1086 477 1157 536 per-

111 540 228 602 territa,
245 542 355 615 lugere
369 539 482 616 coepit.
510 544 553 602 At
566 540 626 601 iste
640 558 791 616 spumans
807 558 848 602 ex
862 558 917 601 ore
932 546 1045 615 scelus,
1061 546 1156 605 anhe-

112 627 183 685 lans
207 641 248 683 ex
267 624 373 684 infimo
395 632 523 699 pectore
541 625 768 697 crudelitatem,
791 632 978 700 contorquet
997 628 1157 691 brachium

113 717 146 768 et
162 706 311 768 dubitanti
327 708 477 780 Graccho,
494 708 567 782 quid
582 719 677 782 esset,
690 725 792 783 neque
807 718 909 769 tamen
924 710 1036 781 locum,
1050 711 1156 786 inquo

113 790 309 863 constiterat,
330 791 515 865 relinquenti
528 792 663 869 percutit
677 802 809 869 tempus.
843 793 898 853 Ille
913 793 997 852 nulla
1011 810 1092 854 voce
1106 795 1158 854 de·

112 875 215 935 libans
237 874 360 935 insitam
374 875 519 936 virtutem
535 876 672 937 concidit
687 877 808 937 tacitus
843 877 907 936 Iste
926 876 983 936 viri
997 876 1159 938 fortissimi

15 964 20 971 ’
113 959 292 1019 miserando
322 958 472 1034 sanguine
497 975 662 1037 aspersus,
691 959 781 1035 quasi
806 960 926 1019 lacinus
946 959 1158 1035 praeclarissi-

113 1059 198 1101 mum
213 1041 348 1114 lecisset,
365 1043 630 1120 circumspectans
647 1052 678 1104 et
692 1045 789 1103 hilare
804 1046 989 1103 sceleratam
1003 1047 1158 1120 gratulan-

112 1123 197 1186 tibus
212 1140 336 1186 manum
354 1127 516 1203 porrigens
531 1129 562 1188 in
575 1131 723 1203 templum
739 1128 822 1188 lovis
839 1127 968 1187 contulit
983 1144 1066 1187 sese.
1105 1127 1157 1189 69.

111 1210 199 1270 Haec
215 1209 378 1270 exornatio
394 1212 559 1286 plurimum
573 1213 704 1286 prodest
717 1211 748 1271 in
759 1210 976 1286 amplificanda
991 1218 1023 1270 et
1034 1211 1157 1272 commi-

113 1294 248 1354 seranda
269 1310 303 1353 re
317 1293 494 1358 huiusmodi
513 1296 770 1356 enarrationibus,
806 1294 919 1356 Statuit
935 1294 1015 1354 enim
1030 1312 1095 1354 rem
1109 1303 1155 1355 to·

111 1385 174 1437 tam
191 1386 222 1449 ct
239 1378 387 1453 proponit
402 1387 474 1439 ante
489 1382 609 1441 oculos.

197 1461 275 1520 Lvl.
296 1460 410 1522 Omnes
425 1463 562 1523 rationes
582 1464 799 1523 honestandae
819 1464 959 1523 studiose
975 1461 1156 1536 collegimus

113 1542 314 1614 elocutionis,
331 1543 506 1618 inquibus,
522 1545 657 1605 Herenni
665 1592 672 1615 ,
675 1563 719 1631 si
721 1554 761 1622 te
756 1544 955 1627 diligentius
958 1545 1160 1632 ..exarcum-is,
1181 1604 1207 1621 ‚‚

114 1635 146 1687 et
160 1624 344 1700 gravitatem
360 1634 391 1686 et
406 1627 585 1701 dignitatem
601 1636 632 1687 et
647 1628 832 1687 suavitatem
845 1620 962 1687 habere
975 1624 1006 1687 iri
1024 1626 1156 1688 dicendo
1187 1636 1204 1669 ἰ

112 1708 250 1785 poteris,
271 1715 305 1768 ut
321 1709 455 1770 oratorie
468 1713 563 1784 plane
578 1710 730 1786 loquaris;
753 1727 793 1768 ne
808 1711 891 1771 nuda
906 1721 1000 1785 atque
1015 1711 1158 1770 inornata

112 1792 252 1853 inventio
268 1792 391 1866 vulgari
405 1808 552 1854 sermone
567 1794 724 1854 efferatur.
749 1793 837 1852 Nunc
851 1793 1019 1853 identidem
1034 1802 1158 1852 nosmet

112 1876 175 1953 ipsi
189 1875 280 1938 nobis
296 1875 462 1937 instemus:
477 1894 529 1937 res
546 1877 625 1937 enim
637 1876 809 1938 communis
824 1885 948 1952 agetur:
966 1884 1000 1938 ut
1014 1878 1158 1949 trequen-

112 1970 161 2021 tcr
173 1969 203 2021 et
214 1958 346 2020 adsidue
358 1976 588 2034 consequamur
600 1963 674 2021 artis
686 1962 837 2021 rationem
848 1961 952 2021 studio
966 1968 996 2020 et
1008 1962 1159 2021 exercita·

113 2045 214 2117 tione;
237 2044 322 2118 quod
338 2043 475 2105 alileam
492 2046 635 2106 molestia
653 2046 749 2105 tribus
764 2044 804 2104 de
819 2045 922 2106 causis
937 2044 1069 2104 maxime
1085 2047 1159 2106 laci-

111 2137 184 2188 unt:
206 2134 259 2187 aut
277 2127 303 2187 si
324 2127 394 2201 quis
413 2128 537 2203 quicum
551 2130 681 2190 libenter
695 2136 879 2188 exerceatur
897 2146 960 2189 non
975 2129 1088 2190 habeat
1104 2140 1159 2193 aut

114 2210 173 2272 sibi
188 2210 310 2270 dillisus
326 2210 366 2270 sit
380 2221 434 2272 aut
449 2213 591 2285 nescius,
614 2231 707 2287 quam
722 2212 802 2272 viam
819 2213 909 2286 sequi
923 2214 1051 2281 debeam
1073 2232 1155 2294 quae

114 2294 241 2355 anobis
256 2293 369 2353 absunt
390 2312 498 2356 omnes
519 2297 730 2357 difficultates.
770 2297 848 2355 Nam
868 2301 898 2356 et
920 2297 1011 2358 simul
1025 2297 1158 2355 libenter

111 2384 297 2438 'exercemur
317 2387 447 2454 propter
466 2380 642 2452 amicitiam,
668 2381 755 2440 cuius
773 2378 890 2439 initium
907 2380 1050 2454 cognatio
1074 2379 1157 2450 lecit,

115 2470 238 2522 caetera
257 2460 478 2536 philosophiae
499 2465 578 2525 ratio
599 2463 796 2524 confirmavit
803 2484 811 2537 ;
838 2471 869 2523 et
888 2463 979 2524 nobis
994 2479 1057 2521 non
1078 2461 1157 2523 dilli-

114 2547 231 2615 dimus,
252 2552 421 2621 propterea
441 2550 526 2622 quod
549 2557 579 2610 et
599 2548 791 2622 aliquantum
813 2546 1027 2622 processimus
1049 2555 1080 2606 et
1096 2545 1157 2607 alia

115 2637 188 2689 sunt
201 2627 343 2700 meliora,
364 2639 445 2704 quae
465 2635 561 2692 multo
576 2632 724 2693 intentius
739 2631 873 2707 petimus
887 2630 918 2691 in
934 2632 1013 2703 vita,
1028 2638 1077 2701 ut,
1098 2629 1158 2690 etsi

114 2728 178 2771 non
194 2712 428 2785 pervenerimus
454 2714 632 2775 indicendo
656 2731 718 2789 quo
733 2718 894 2785 volumoS,
909 2731 1007 2789 parva
1021 2730 1096 2787 pars
1112 2713 1157 2771 vi-

116 2802 167 2853 tae
192 2792 438 2867 perfectissimae
463 2797 672 2868 desideratum
699 2804 730 2855 et
750 2797 845 2867 viam,
866 2813 958 2869 quam
979 2813 1156 2871 sequamur,

115 2877 283 2945 habemus,
305 2883 473 2950 propterea
496 2882 580 2951 quod
595 2880 626 2936 in
640 2879 689 2937 his
704 2879 789 2939 libris
805 2878 879 2938 nihil
893 2878 1094 2952 praeteritum
1110 2888 1159 2940 est

116 2957 293 3020 rhetoricae
304 2956 544 3035 praeceptionis.
569 2964 820 3022 Demonstratum
832 2968 880 3021 est
895 2963 984 3035 enim,
998 2963 1170 3037 quomodo·

114 3039 1158 3123 resinomnibusgeneribuscausaruminvenireoporteret;dictum

116 3137 180 3201 est,
197 3143 260 3203 quo
275 3126 369 3202 patto
385 3143 440 3193 cas
455 3127 623 3206 disponere
636 3130 817 3190 conveniret
823 3150 832 3203 ;
852 3131 997 3193 traditum
1012 3142 1076 3207 est,
1095 3149 1158 3207 qua

114 3212 235 3272 ratione
251 3219 338 3271 esset
350 3213 627 3287 pronuntiandum
654 3221 856 3290 praeceptum
868 3224 932 3289 est,
956 3232 1018 3291 qua
1033 3216 1082 3276 via
1095 3232 1157 3274 me-

117 3295 243 3356 minisse
257 3310 441 3370 possemus3
468 3298 712 3358 demonstratum
731 3307 787 3370 est,
807 3298 1037 3374 quibusmodis
1055 3300 1157 3373 perle-

117 3392 167 3440 cta
181 3377 315 3441 elocutio
332 3389 575 3458 compararetur.
606 3383 691 3458 Quae
705 3382 733 3442 si
748 3399 925 3459 sequemur,
940 3389 1030 3443 acute
1049 3388 1079 3438 et
1094 3377 1156 3434 cito
