2575 3892
128 180 191 244 140
499 151 799 242 ou'ruvauuonu

224 331 312 393 XLll.
336 328 385 393 te.
407 331 621 406 Reprehensio
642 341 705 404 est,
732 347 789 407 per
811 347 903 406 quarn
924 337 1179 405 argumentando

127 413 374 476 adversariorum
395 415 585 476 confirmatio
606 414 731 476 diluitur
750 424 803 475 aut
815 414 984 474 infirmatur
998 424 1051 476 aut
1066 418 1176 478 eleva·
1249 414 1254 469 Ι

126 508 184 559 tur.
216 500 300 558 Haec
316 500 400 561 tonte
418 498 604 559 inventionis
619 500 729 560 codem
744 506 854 570 utetur,
870 516 932 573 quo
948 499 1042 559 utitur
1057 501 1174 561 confir-

126 581 228 657 matio,
243 591 410 657 propterea
426 584 519 659 quod,
535 581 648 659 quibus
664 599 704 643 ex
718 582 797 643 locis
812 582 916 656 aliqua
926 599 979 643 res
992 584 1173 644 confirmari
1247 584 1267 637 ι’

125 674 239 741 potest,
252 664 364 728 iisdem
378 676 483 741 potest
496 683 537 726 ex
551 666 628 726 locis
644 666 799 725 infirmari.
831 665 912 725 Nihil
926 665 1008 726 enim
1023 667 1170 728 conside·
1247 640 1257 717 ἶ

125 751 256 810 randum
271 750 364 811 estin
379 750 428 811 his
444 750 586 811 omnibus
601 749 841 823 inventionibus,
862 748 923 809 nisi
936 749 978 822 id,
995 751 1083 824 quod
1098 767 1169 826 per·
1251 748 1267 833 ἦ

126 831 213 894 sonis
234 841 286 894 aut
300 835 430 908 negotiis
455 833 630 895 attributum
646 843 702 895 est.
736 835 835 908 Quare
849 832 1060 894 inventionem
1075 843 1168 894 etar-
1266 846 1267 899 ζ

125 917 385 990 gumentationum
406 918 626 994 expolitionem
647 918 784 991 axillis,
810 933 890 991 quae
912 924 983 977 ante
998 925 1168 991 praecepta
1266 906 1267 987 i

126 1014 211 1072 sunt,
237 1000 316 1061 hanc
340 1018 464 1078 quoque
485 1002 517 1061 in
533 1011 650 1076 partem
665 999 813 1062 orationis
826 999 986 1060 transferri
1002 999 1167 1076 oportebit

123 1084 357 1158 Verumtamen,
382 1095 416 1145 ut
436 1085 588 1160 quaedam
608 1084 785 1159 praeceptio
807 1084 895 1145 detur
920 1083 1011 1143 huius
1039 1099 1166 1159 quoque
1266 1142 1267 1171 ἢ

123 1166 236 1240 partie,
263 1185 455 1242 exponemus
470 1169 581 1229 modos
595 1167 864 1243 reprehensionis;
892 1183 972 1241 quos
988 1166 1041 1241 qui
1057 1167 1165 1227 obser·

123 1249 255 1323 vabunt,
276 1250 396 1315 facilius
413 1268 464 1324 ea,
487 1268 567 1325 quae
583 1260 690 1311 contra
704 1251 860 1325 dicentur,
881 1251 998 1311 diluere
1012 1259 1064 1310 aut
1076 1250 1165 1310 infir

123 1348 206 1391 mare
220 1341 403 1409 poterunt.

201 1412 251 1477 79.
279 1415 384 1478 Omnis
409 1418 630 1493 argumentatio
655 1416 905 1493 reprehenditur,
853 1416 958 1478 ursi
976 1423 1027 1477 aut
1045 1431 1088 1475 ex
1109 1399 1167 1492 iio,
1250 1434 1256 1499 ξ

123 1515 204 1575 quae
213 1511 342 1577 sumpta
356 1511 437 1575 sunt,
452 1519 514 1563 non
526 1500 707 1563 conceditur
716 1500 835 1576 aliquid
855 1518 949 1564 unum
961 1501 1088 1577 plurave
1101 1509 1164 1574 aut,
1251 1508 1267 1579 j

124 1583 171 1644 bis
188 1585 358 1659 concessis,
375 1586 549 1661 complexio
565 1602 606 1646 ex
619 1586 659 1649 iis
674 1585 786 1646 confici
799 1595 892 1661 negat
891 1602 936 1658 ur,
953 1592 1006 1645 aut
1019 1583 1047 1644 si
1062 1599 1161 1658 genus
1251 1600 1257 1635 ι

122 1685 224 1742 ipsum
249 1669 520 1744 argumentationis
545 1669 690 1732 vitiosum
714 1667 901 1742 ostenditur,
920 1677 980 1729 aut
1005 1667 1033 1728 si
1055 1677 1163 1729 eontra

123 1751 239 1815 firmam
253 1753 547 1829 argumentationem
557 1754 616 1813 alia
627 1769 728 1829 aeque
739 1752 826 1813 firma
836 1760 889 1814 aut
900 1750 1016 1812 firmior
1027 1751 1162 1827 ponitur.
1252 1762 1256 1771 ’

122 1834 167 1899 Ex
182 1835 229 1910 iis,
252 1854 332 1913 quae
348 1845 516 1912 sumuntur,
531 1836 649 1911 aliquid
663 1854 725 1898 non
740 1837 928 1910 conceditur,
945 1852 1040 1911 quum
1054 1835 1162 1907 antid,
1254 1908 1259 1925 ἴ

123 1921 205 1992 quod
220 1920 366 1982 credibile
378 1921 492 1994 dicunt,
506 1915 635 1995 negatur
646 1937 718 1981 esse
729 1920 891 1995 eiusmodi,
904 1929 966 1993 aut,
981 1920 1067 1996 quod
1079 1935 1162 1981 conr-

118 2002 256 2075 parabile
271 1998 389 2078 putant,
410 2002 559 2065 dissimile
575 2004 755 2077 ostenditur,
777 2013 829 2065 aut
843 2004 1011 2070 iudicatum
1025 2003 1114 2063 aliam
1126 2001 1162 2061 in
1254 2004 1258 2027 ¹

117 2093 237 2159 partem
247 2087 425 2162 traducitur,
437 2096 490 2150 aut
496 2087 620 2149 omnino
632 2087 779 2149 iudicium
790 2089 990 2163 improbatur,
1001 2096 1063 2160 aut,
1076 2086 1163 2161 quod

119 2167 241 2244 signum
261 2186 334 2230 csse
349 2170 519 2232 adversarii
534 2170 692 2245 dixerunt,
718 2172 751 2232 id
765 2171 918 2233 eiusmodi
932 2181 1063 2247 negatur
1078 2186 1161 2245 esse,

117 2260 169 2311 aut
177 2252 203 2311 si
211 2254 447 2330 comprehensio
455 2263 769 2330 autunaaututraque
777 2253 1162 2330 expartereprcnendttur,
1266 2296 1267 2299 ,

117 2345 170 2395 aut
184 2336 211 2396 si
226 2337 414 2399 enumeratio
431 2339 509 2400 falsa
525 2340 712 2412 ostenditur,
738 2348 791 2400 aut
804 2338 833 2400 si
849 2339 981 2414 simplex
996 2337 1161 2399 conclusio
1266 2386 1267 2391 ,

116 2419 186 2480 falsi
202 2421 319 2496 aliquid
335 2423 492 2484 continere
506 2424 743 2485 demonstratur.
763 2425 840 2483 Nam
852 2440 951 2497 omne,
967 2421 1050 2497 quod
1061 2421 1162 2480 sumi-

117 2511 165 2562 tur
186 2504 226 2563 ad
245 2508 519 2579 argumentandum
541 2507 607 2569 sive
627 2523 685 2582 pro
706 2505 859 2581 probabili
880 2507 945 2568 sive
966 2518 1021 2579 pro
1044 2516 1163 2563 ncces-

116 2584 208 2660 sario,
230 2604 362 2649 necesse
378 2599 427 2652 est
442 2600 578 2651 sumatur
592 2608 632 2651 ex
647 2591 695 2650 his
711 2589 798 2663 locis,
819 2599 853 2650 ut
867 2601 937 2652 ante
952 2584 1161 2654 ostendimus

114 2668 216 2730 XLIII.
239 2670 290 2734 80.
312 2676 347 2737 ld
362 2680 446 2752 quod
462 2693 519 2752 pro
535 2675 673 2737 credibili
689 2682 845 2751 sumptum
860 2674 932 2746 erit,
945 2669 1160 2744 infirmabitur,
1256 2668 1259 2679 “

116 2753 143 2814 si
157 2764 210 2816 aut
224 2757 390 2834 perspicue
406 2761 516 2819 falsum
532 2757 597 2831 erit,
619 2758 679 2819 hoc
694 2759 803 2820 modo:
828 2758 924 2819 Nemo
939 2765 987 2818 est
1013 2753 1086 2830 quin
1102 2771 1160 2828 pe-

115 2839 237 2900 cuniam
280 2859 372 2918 quarn
394 2841 576 2916 sapientiam
597 2841 696 2914 malit3
721 2851 774 2903 aut
794 2857 834 2903 ex
855 2841 1008 2902 contrario
1030 2853 1160 2914 quoque

115 2925 261 2986 credibile
276 2925 393 3000 aliquid
407 2924 540 2997 habebit
555 2925 615 2987 hoc
629 2927 739 2986 modo·
755 2924 829 2999 Quis
844 2934 900 2997 est,
917 2925 971 3000 qui
984 2941 1048 2984 non
1061 2921 1160 2981 olficii

114 3009 256 3081 cupidior
300 3025 391 3084 quarn
410 3008 562 3085 pecuniae
584 3009 644 3070 sit?
668 3019 721 3070 aut
741 3010 798 3070 erit
819 3009 942 3070 omnino
964 3004 1158 3077 incredibile,
1205 3066 1206 3071 ,
1254 3038 1256 3045 1

112 3090 188 3149 utsi
203 3091 332 3167 aliquis,
355 3109 447 3169 quern
458 3101 583 3153 constet
597 3109 670 3154 esse
685 3109 828 3165 avarum,
850 3092 933 3161 dicat
946 3090 1078 3152 alicuius
1092 3103 1158 3147 rne-
1200 3169 1202 3173 .

113 3168 229 3233 diceris
249 3175 344 3235 offleii
365 3191 461 3236 causa
476 3192 511 3236 se
525 3177 689 3237 maximam
703 3176 867 3251 pecuniam
881 3174 1075 3250 neglexisse3
1103 3180 1158 3231 aut

113 3250 150 3319 si,
167 3256 273 3324 quod
265 3273 295 3314 rn
313 3257 497 3352 quibusdam
511 3261 605 3321 rebus
620 3269 673 3320 aut
687 3259 862 3321 hominibus
878 3257 998 3332 accidit,
1013 3257 1047 3316 id
1058 3253 1157 3316 omni·

112 3328 172 3388 bus
194 3332 513 3413 diciturusuvenirc,
539 3343 599 3402 hoc
613 3351 722 3416 pacto:
759 3342 815 3414 Qui
829 3355 985 3417 pauperes
1002 3347 1089 3411 sunt,
1114 3336 1157 3397 iis

113 3409 383 3479 antiquiorotttcio
399 3423 603 3488 pecuniaest
640 3423 800 3496 Quilocus
816 3425 1022 3484 desertust
974 3430 1037 3495 est,
1066 3420 1098 3481 in
1115 3436 1158 3481 eo
1207 3426 1209 3429 ’
