2575 3892
474 226 666 278 PROOEMIUM
683 227 841 280 EDlTORlS.
1142 243 1176 285 lx

131 386 193 446 post
212 380 349 443 permirum
368 386 407 430 est
430 394 516 429 omnes
540 381 650 430 editores
668 393 749 441 usque
767 380 800 430 ad
817 380 866 429 hoc
882 389 983 444 tempus
1002 378 1126 429 edidisse:
1153 378 1178 425 si
1270 412 1271 415 η

131 465 179 499 nec
194 463 274 510 prece
290 464 337 498 nec
349 451 440 510 precio
458 462 504 498 nec
519 450 607 513 pratia
624 462 671 496 nec
683 449 798 509 periculo
815 463 861 497 nec
878 452 1000 498 mmltute
1013 464 1030 497 o
1047 449 1088 497 oio
1104 453 1176 499 recto

131 518 289 568 omendemus
304 518 395 567 deduci
410 525 537 580 oportere.
555 516 620 567 Nam
636 530 719 578 neque
737 518 763 564 in
780 516 849 565 libris
867 518 943 567 verba
961 524 1019 566 sunt
1038 530 1083 565 nec
1097 529 1177 578 prece

131 601 181 635 nec
197 594 257 650 apta
274 586 308 634 ad
324 587 407 650 ipsam
425 587 574 636 sententiam
590 594 738 650 propterea,
762 585 820 646 quia
843 585 911 646 quod
932 600 1009 647 prece
1027 585 1067 643 iit,
1090 581 1176 649 pratici

132 654 189 704 lieri
211 662 328 718 apparet.
361 657 445 718 Atque
469 657 576 720 scriptor
598 655 650 703 sibi
666 660 818 718 repugnaret
836 653 900 717 ipse,
925 655 948 702 si
962 653 1011 702 hoc
1029 654 1083 702 loco
1103 653 1176 702 aliter
1267 700 1271 709 ,

133 723 278 785 loqueretur
297 731 371 786 atque
390 724 489 780 locutus
507 732 546 773 est
565 723 610 785 lib.
625 723 657 773 11.
679 738 701 773 c.
720 718 745 774 7.
763 723 788 785 ἕ.
808 721 848 771 11.
867 729 943 771 testes
961 723 1086 783 comeonpi
1096 736 1176 784 posse

133 793 174 842 vei
184 794 272 854 precio
286 794 326 841 vel
340 795 427 857 protis
444 794 483 842 ocl
498 798 562 841 metra
579 793 619 843 ael
633 793 764 844 sirnrdtote.
781 788 843 851 §.6
863 805 894 838 eo
913 791 995 854 magis
1007 790 1176 839 dubitavimus

133 860 210 911 verba
226 867 251 909 et
267 862 396 925 inertiam,
416 875 481 923 qnae
499 862 572 924 quasi
589 861 756 925 suppositicis
773 859 880 910 Orellius
899 867 923 908 et
940 858 1056 908 Balterus
1072 864 1176 906 notave-

132 935 198 987 runt,
218 929 339 989 relicere,
360 930 429 992 quod
451 932 556 995 saepius
578 931 683 980 nomina
707 929 832 979 eiusmodi
849 930 955 992 repetita
972 927 1092 992 leguntur
1108 925 1177 989 apud

132 1005 231 1047 veteres
250 1005 276 1047 et
288 999 314 1047 in
332 1001 429 1064 aptiore
447 1000 553 1048 duorum
571 1000 700 1049 nominum
718 999 902 1057 coniunctione,
921 996 1023 1059 qualem
1039 994 1082 1044 hic
1097 994 1176 1044 habe-

131 1080 205 1125 mus,
230 1081 282 1116 non
304 1074 357 1117 tem
380 1067 480 1132 singula
504 1068 607 1116 nomina
629 1074 788 1130 spectantur,
812 1078 889 1128 qnam
905 1060 1023 1115 unibersa
1041 1066 1188 1123 sententia,v

133 1146 209 1196 quem
227 1133 314 1198 plures
332 1136 475 1188 conficiunt.
505 1151 526 1189 c.
539 1134 565 1188 4.
580 1138 604 1197 ς.
616 1132 642 1184 8.
657 1136 748 1200 scripsi
764 1149 797 1183 ex
814 1134 885 1183 libris
897 1135 999 1198 optimis
1014 1142 1038 1183 et
1049 1133 1176 1198 plurimis,

132 1202 323 1265 Ompinnotioae
340 1213 365 1255 et
381 1206 549 1268 confutatione
563 1213 659 1254 utemur
674 1205 768 1254 nostris
786 1205 855 1261 loeis,
872 1219 934 1268 quos
945 1211 1003 1253 onte
1018 1203 1176 1264 ostendimus,

131 1272 323 1339 confirmandis,
342 1276 478 1325 contrariis
495 1274 669 1337 constitututis,
693 1273 718 1322 in
741 1287 792 1335 qua
811 1274 914 1321 extremi
925 1272 1036 1324 ablativi
1053 1273 1175 1320 rationem

132 1340 314 1403 demonstrant,
335 1358 386 1406 qua
400 1343 443 1392 fist
459 1343 613 1393 confirmatio
626 1349 651 1391 et
663 1341 812 1395 confutatio.
829 1357 850 1390 c.
865 1342 891 1392 b.
903 1343 928 1402 §-
943 1339 969 1393 9.
985 1340 1055 1403 quod
1069 1341 1174 1404 scripsi:

131 1423 185 1459 eum
200 1408 251 1460 terte
268 1413 364 1471 vicere,
383 1414 426 1476 poi
441 1411 541 1462 honeste
553 1413 634 1473 oioot,
649 1425 711 1470 non,
731 1413 775 1475 qui
791 1412 816 1458 in
829 1412 979 1472 praesentia
996 1410 1131 1469 incolumis,
1148 1406 1176 1455 id

130 1476 226 1527 iactum
243 1488 281 1529 est
298 1495 425 1529 consensu
443 1482 596 1545 optimorum
614 1480 744 1528 librorum.
774 1479 856 1527 Facile
872 1487 957 1527 autem
975 1494 1007 1527 ex
1025 1477 1176 1526 anteceden-

130 1546 200 1595 tibus
216 1547 255 1595 vis
271 1548 343 1597 verbi
362 1549 512 1600 adsumitur.
542 1563 564 1601 c.
585 1545 611 1599 6.
630 1549 656 1608 §.
677 1547 708 1596 ll
728 1562 767 1608 sq.
785 1547 860 1611 plura
877 1548 1044 1605 mutavimnS,
1062 1546 1176 1594 sednon

130 1614 187 1663 sine
205 1612 285 1668 libris,
320 1616 433 1665 Primum
449 1616 612 1678 scripsimus:
628 1614 670 1663 Ab
686 1622 788 1676 nostra,
805 1616 829 1663 si
846 1615 1014 1673 laudabimus,
1035 1621 1078 1662 aut
1093 1614 1177 1675 officio

129 1678 220 1741 facere
239 1691 286 1732 etc.
306 1685 402 1731 omisso
419 1683 498 1730 verbo
517 1683 631 1741 Moenus,
646 1690 704 1730 tum
719 1682 809 1729 eodem
820 1684 898 1730 verbo
916 1685 1010 1731 reiecto
1026 1683 1111 1729 cereri
1123 1694 1176 1744 nos,

131 1757 160 1796 ut
175 1749 242 1795 tons
255 1750 330 1809 foeta
346 1748 431 1795 verbis
447 1749 565 1808 consequi
577 1748 711 1806 possimus.
747 1747 830 1794 Facile
852 1750 919 1794 enim
939 1763 954 1795 a
972 1748 1098 1796 communi
1120 1762 1177 1795 sen-

131 1814 213 1861 tentia
236 1815 276 1861 vis
297 1814 369 1861 verbi
392 1813 538 1876 suppletur,
561 1813 621 1861 vide
644 1827 710 1873 quae
728 1812 838 1861 diximus
856 1817 889 1862 ad
906 1814 950 1865 lib.
965 1816 985 1865 1.
1003 1830 1025 1865 c.
1045 1812 1070 1865 6.
1089 1815 1113 1875 §.
1133 1814 1176 1865 10.

131 1880 229 1930 Eodem
248 1881 374 1931 decanea
390 1880 470 1930 infre:
491 1894 576 1943 panca
593 1880 625 1931 dc
640 1881 751 1946 nequitia
768 1882 821 1931 eius
837 1896 883 1932 nos
898 1897 953 1932 ease
971 1883 1097 1942 dicturos,
1117 1884 1177 1933 scri-

130 1950 231 2015 psimus
250 1958 274 1999 et
296 1957 401 2015 postea:
427 1953 469 2014 qai
491 1950 655 2012 vituperatur,
679 1965 723 2001 eos
745 1951 813 2000 illius
835 1959 881 2003 etc.
902 1953 1003 2001 omissis
1024 1953 1109 2003 verbis
1131 1968 1177 2002 nos

129 2033 246 2081 merore.
278 2033 300 2071 s.
320 2015 345 2071 7.
363 2019 390 2080 S.
408 2015 452 2070 13.
475 2018 582 2069 multum
598 2020 700 2068 turbant
716 2021 742 2071 ln
762 2022 880 2070 extremis
897 2021 981 2071 verbis
1000 2021 1072 2082 libri,
1092 2036 1175 2084 neque

130 2088 194 2137 satis
211 2094 307 2137 certum
323 2084 369 2148 c'st,
389 2087 451 2149 quid
467 2087 610 2152 proiectum
627 2089 659 2138 ab
676 2089 733 2153 ipso
747 2096 850 2139 auctore
867 2091 909 2144 sit.
928 2091 1012 2150 Quare
1025 2106 1073 2156 ego
1087 2106 1117 2140 ea
1128 2106 1173 2155 poa

128 2158 257 2206 tissimum
274 2156 421 2221 recipienda
437 2157 535 2223 putari,
555 2170 620 2219 qnae
637 2158 665 2206 in
683 2157 753 2206 libris
772 2158 883 2220 antiquis
902 2168 1001 2220 essent,
1025 2175 1073 2210 nec
1089 2168 1174 2210 tamen

129 2233 159 2274 ut
176 2227 276 2290 integra
291 2233 417 2290 putarem.
446 2224 567 2274 Extrema
583 2227 620 2274 sic
636 2227 691 2276 fere
709 2226 873 2292 intelligenda
891 2236 977 2278 erunt:
996 2230 1133 2288 Educatio,
1152 2231 1175 2277 si

128 2294 194 2344 bene
212 2295 334 2343 educatus
352 2297 409 2354 erit,
427 2293 454 2342 in
471 2293 645 2357 lsude,·quod
662 2294 768 2344 honeste
785 2303 832 2348 etc.
852 2304 880 2344 ut
896 2299 922 2346 in
938 2297 1028 2347 lacuna
1046 2298 1126 2348 fuisse
1138 2299 1174 2347 ri-

130 2363 233 2414 deaturt
255 2362 322 2411 male
346 2362 453 2429 (nempe
475 2364 499 2413 si
520 2363 597 2413 luerit
614 2362 765 2428 educatus),
783 2364 809 2413 in
833 2364 909 2415 laude
927 2374 974 2418 etc.
1004 2365 1055 2416 Sed
1072 2367 1174 2432 singula

129 2433 187 2493 quis
205 2439 335 2496 praestare
352 2433 457 2496 potest?
474 2434 503 2494 §.⁴
513 2429 557 2483 14.
575 2433 668 2496 scripsi
679 2433 774 2495 asciare
786 2447 833 2498 pro
843 2434 941 2499 supisse
957 2450 990 2484 ex
1002 2435 1101 2485 Gruteri
1117 2451 1175 2484 sen-

128 2500 217 2560 tentie,
234 2502 353 2563 quoniam
372 2502 399 2550 in
412 2501 484 2550 libris
496 2502 607 2563 antiquis
616 2501 706 2564 sensae,
724 2515 775 2551 non
786 2502 884 2566 sapione
895 2504 997 2569 legitur.
1015 2521 1037 2556 c.
1051 2501 1078 2558 8.
1090 2506 1115 2566 S.
1130 2504 1172 2557 15.

129 2569 234 2632 scripsi:
250 2567 281 2619 Si
296 2571 491 2632 vituperabimas
508 2577 532 2618 et
548 2569 639 2619 deinde
655 2570 749 2634 facturn
765 2585 821 2620 esse
836 2571 943 2622 dicemus
961 2589 994 2621 ex
1011 2573 1083 2623 libris
1100 2575 1174 2622 bonis

130 2637 267 2690 simultis.
298 2635 380 2703 Saepe
403 2640 470 2689 enim
491 2638 597 2687 liberius
620 2650 708 2687 auctor
724 2638 890 2691 conformavit
913 2642 1062 2695 orationem.
1092 2657 1115 2693 c.
1130 2640 1173 2692 11.

128 2706 153 2767 5.
171 2703 217 2758 19.
233 2705 329 2756 falsum
345 2722 396 2756 non
415 2706 551 2775 est‚*quod
569 2706 646 2772 volgo
664 2709 752 2757 edunt:
770 2708 922 2759 dicerinoss:
943 2712 1044 2775 eprepie
1061 2718 1108 2762 etc.
1128 2710 1175 2758 sed

129 2788 209 2835 quum
225 2776 252 2823 in
269 2774 341 2825 libris
352 2777 487 2840 permultis
498 2776 598 2841 legetur
612 2792 658 2826 nec
672 2779 772 2842 eprepic
784 2785 842 2838 etc,
860 2779 1000 2834 verisimile
1012 2785 1050 2828 est
1062 2779 1174 2838 aliquam

129 2841 282 2905 particulam
294 2843 463 2894 oblitteratam
475 2858 540 2905 esse,
557 2843 638 2896 veluti
652 2853 741 2908 tamen,
760 2846 783 2894 si
802 2854 854 2895 erat
872 2841 899 2895 tri
917 2849 1038 2910 scriptum
1050 2853 1075 2893 et
1085 2859 1132 2908 pro
1143 2860 1173 2894 eo

128 2908 263 2973 legebatur
278 2905 305 2961 ri.
333 2912 358 2970 S.
375 2910 419 2964 20.
444 2915 472 2962 in
494 2914 670 2965 constituenda
693 2915 828 2977 scripture
844 2919 946 2961 secutus
971 2927 1029 2961 sum
1050 2914 1173 2963 rationem

129 2975 258 3037 Schritzii,
285 2993 351 3041 quse
374 2993 499 3039 summam
521 2983 708 3046 probabilitatis
731 2981 843 3045 speciem
867 2979 953 3031 habet.
980 2996 1003 3033 c.
1023 2978 1065 3035 14.
1084 2983 1110 3044 s.
1128 2979 1172 3034 24.

128 3047 221 3112 scripsi
244 3062 276 3097 ex
300 3048 373 3097 libris
393 3049 466 3099 bonis
483 3057 507 3099 st
524 3050 624 3101 multis:
649 3050 747 3100 crebris
764 3049 903 3099 intervallis
920 3056 945 3099 et
962 3050 1121 3102 divisionibus
1138 3055 1176 3101 sti

128 3115 265 3178 oportebit,
290 3124 317 3166 nt
336 3119 363 3166 in
385 3120 444 3181 ipsc
464 3122 670 3182 pronunciatione
693 3126 738 3170 etc.
760 3131 819 3168 nam
836 3132 887 3167 non
906 3117 979 3171 debet
997 3135 1044 3170 nos
1062 3135 1173 3177 movere,

129 3185 199 3246 quod
220 3184 337 3246 plurimis
363 3187 521 3253 interpositis
545 3189 630 3238 verbis
653 3190 680 3235 in
704 3188 791 3236 crinas
814 3187 954 3236 onditomon
983 3188 1033 3238 elio
1062 3188 1172 3251 quodam

128 3253 206 3303 modo
224 3254 349 3307 adiicitur.
375 3258 400 3316 §.
419 3255 463 3309 26.
481 3259 592 3321 primum
609 3257 705 3313 leniter,
730 3254 822 3306 deinde
845 3258 935 3303 leniter
954 3258 1077 3305 contrario
1098 3265 1173 3315 atque

127 3321 204 3385 volgo
221 3323 308 3372 ordine
327 3324 405 3377 edidi.
425 3327 454 3374 In
473 3325 563 3374 ecdem
581 3324 637 3372 loco
654 3323 743 3370 niniae
758 3323 953 3372 remorationis
970 3324 1070 3388 scripsi,
1089 3331 1118 3370 ut
1135 3328 1173 3367 est

128 3390 155 3439 iu
172 3390 245 3440 libris
261 3406 308 3455 pru
324 3395 412 3442 mimae
429 3392 639 3451 caobinnationt's,
665 3389 735 3450 quod
750 3404 783 3439 ne
800 3390 889 3439 Latine
907 3388 1009 3450 quidem
1029 3393 1079 3440 dici
1096 3399 1173 3452 posse

129 3459 245 3511 existimo
261 3474 307 3524 pro
325 3463 444 3528 nimicae.
477 3462 542 3511 Tum
561 3457 623 3507 mibi
647 3458 711 3504 ratio
730 3456 799 3507 nulla
817 3458 897 3506 luisse
915 3456 1029 3517 videtur,
1052 3456 1170 3519 quamob-
