2575 3892
143 182 178 235 ιι
365 170 480 229 ιιΒΕιι
495 171 517 227 ι.
541 169 622 228 oar,
639 160 759 232 15—16.
782 176 807 237 §-
823 179 943 233 ro-m.
1120 174 1183 240 llb

142 327 220 385 duas
246 330 350 398 partes
376 317 534 390 dividitur,
562 318 591 377 in
617 318 803 394 principium
829 321 910 381 etin
931 322 1182 387 insinuationem

140 406 326 482 Principium
347 412 395 464 est
416 402 513 463 oratio
527 401 693 478 perspicue
709 410 739 462 et
752 403 893 477 protinus
908 407 1077 468 conficiens
1092 410 1178 470 audi<

142 502 239 552 torem
258 488 445 549 benevolum
465 494 517 546 aut
538 485 670 546 docitem
691 493 743 546 aut
757 493 852 546 attent
854 504 913 546 um.
946 489 1114 554 insinuatio
1129 504 1177 555 est

142 574 239 634 oratio
258 571 390 666 quadam
405 568 648 630 dissimulatione
663 576 693 628 et
708 568 887 661 circuitione
903 572 1035 632 obscure
1051 576 1177 638 subiens

142 656 291 716 auditoris
306 654 449 713 animum

202 737 269 799 21.
292 738 325 796 In
340 735 509 796 admirabili
524 752 636 810 genere
652 752 783 810 causae,
809 735 913 797 sinon
930 716 1053 799 omnino
1075 737 1177 803 infesti

140 821 297 883 auditores
313 829 416 893 erunt,
441 819 593 895 principio
609 817 856 880 benevolentiam
871 836 1051 896 comparare
1065 822 1177 886 iicebit.

141 905 194 965 Sin
217 913 304 966 erunt
318 903 516 964 vehementer
531 900 711 977 abalienati,
737 904 904 979 coningere
919 920 1051 966 neccsse
1066 906 1123 967 erit
1138 909 1177 968 ad

139 987 384 1049 insinuationem.
407 987 482 1047 Nam
496 986 535 1045 ab
550 984 635 1047 iratis
651 986 679 1047 si
692 986 858 1063 perspicue
872 1004 935 1063 pax
950 996 980 1049 ct
990 988 1178 1051 benevolen-

140 1073 180 1132 tia
204 1070 328 1147 petitur,
355 1088 416 1130 non
438 1070 530 1130 modo
547 1085 583 1129 ea
598 1086 661 1130 non
675 1069 843 1145 invenitur,
870 1071 927 1132 sed
940 1080 1070 1148 augetur
1083 1081 1177 1149 atque

138 1153 344 1215 inflammatur
355 1153 467 1215 odium.
489 1154 521 1212 In
536 1153 753 1214 humiliantem
766 1169 879 1229 genere
892 1171 1006 1216 causae
1018 1165 1175 1233 contemp-

141 1239 230 1300 tionis
252 1238 405 1299 toltendae
427 1252 521 1297 causa
542 1252 674 1297 necesse
697 1246 746 1300 est
773 1245 920 1300 attentum
943 1240 1068 1300 efficere
1089 1242 1174 1302 audi-

139 1332 242 1382 torem.
275 1324 401 1397 Anccps
423 1337 521 1397 genus
537 1337 652 1381 causae
667 1320 694 1381 si
709 1321 832 1382 dubiam
846 1321 1065 1401 iudicationem
1078 1325 1172 1385 habe-

137 1406 190 1476 bit,
206 1406 244 1464 ab
259 1405 328 1479 ipsa
341 1404 528 1466 iudicatione
543 1403 767 1465 exordiendum
781 1414 838 1465 est.
869 1405 923 1466 Sin
939 1416 1041 1467 autem
1056 1417 1173 1482 partem

137 1485 351 1561 turpitudinis,
375 1494 493 1561 partem
512 1485 685 1546 honestatis
698 1487 837 1561 habebit,
862 1489 1109 1549 benevolentiam
1125 1508 1173 1550 ca-

138 1578 225 1644 ptare
241 1568 408 1644 oportebit,
433 1578 467 1630 ut
479 1568 510 1629 in
525 1585 624 1644 genus
638 1568 802 1630 honestum
818 1585 913 1631 causa
927 1573 1074 1633 translata
1087 1573 1174 1633 vide

139 1662 215 1715 atur.
237 1652 334 1726 Quum
348 1660 449 1712 autem
461 1651 518 1712 erit
528 1653 692 1712 honesturn
702 1668 818 1712 causae
830 1670 938 1728 genus,
953 1657 1002 1716 vet
1014 1657 1173 1731 praeteriri

137 1735 322 1811 principium
336 1735 449 1811 poterit
464 1735 521 1807 vel,
537 1734 564 1794 si
579 1734 773 1795 commodum
787 1735 886 1809 fuerit,
902 1745 953 1797 aut
968 1739 1174 1801 enarratione

136 1818 319 1894 incipiemus
332 1826 383 1878 aut
394 1835 412 1877 a
423 1820 491 1893 lege
503 1826 554 1878 aut
567 1819 605 1878 ab
616 1817 720 1893 aliqua
732 1817 908 1880 firmissima
918 1819 1037 1882 ratione
1048 1832 1173 1884 nostrae

138 1901 296 1973 dictionis;
323 1901 370 1962 sin
386 1901 428 1962 uti
444 1900 596 1978 principio
610 1902 759 1977 placebit,
784 1903 1018 1965 benevolentiae
1032 1906 1172 1982 partibas

138 1987 282 2046 utendum
299 1994 360 2058 est,
385 1996 418 2046 ιιι
432 1986 479 2057 id,
507 1987 591 2060 quod
606 1994 669 2056 est,
695 1993 852 2061 augeatur.
885 1987 965 2046 XVI.
986 1990 1020 2048 In
1037 1991 1171 2053 obscuro

137 2085 250 2129 causae
261 2085 373 2144 genere
386 2085 442 2145 per
453 2068 637 2146 principium
649 2068 766 2131 dociles
779 2068 935 2130 auditores
948 2072 1170 2150 efficereopor-

135 2151 219 2212 tebit.
254 2153 341 2214 Nunc
363 2151 508 2226 quoniam
535 2168 613 2227 quas
634 2169 688 2212 res
711 2151 839 2214 exordio
862 2154 1014 2215 conficere
1031 2166 1171 2232 oporteat

136 2236 198 2296 dict
187 2244 250 2296 turn
265 2244 322 2310 est
342 2235 493 2310 reliquum
508 2244 565 2308 est,
585 2245 619 2297 ιιι
634 2243 684 2297 οει
672 2236 776 2296 ttenda
765 2245 821 2310 tur,
838 2235 949 2311 quibus
966 2255 1108 2313 quaeque
1123 2257 1169 2298 ra·

133 2318 269 2379 tionibus
286 2335 338 2379 res
354 2317 465 2380 confici
479 2316 590 2394 possit.
1128 2355 1131 2361 ·

213 2401 263 2464 22.
282 2401 503 2464 Benevolentia
519 2412 663 2478 quattuor
677 2418 717 2464 ex
731 2401 820 2464 locis
826 2413 1043 2480 comparatur:
1058 2406 1098 2467 ab
1113 2422 1167 2467 no

137 2484 1175 2559 straubadversariorum,abiudicumpersona,acausa.Abnostra

137 2575 312 2646 [persona],
335 2572 362 2633 si
379 2573 418 2631 de
433 2570 548 2633 nostris
565 2570 653 2629 iactis
672 2576 703 2628 et
715 2566 826 2628 officiis
847 2566 916 2629 sine
929 2565 1111 2642 adrogantia
1131 2562 1174 2624 di·

133 2669 255 2722 cemus3
277 2651 304 2712 si
319 2650 445 2712 crimina
459 2651 541 2710 illata
557 2659 586 2712 et
600 2649 721 2723 aliquas
735 2647 836 2708 minus
851 2649 999 2710 honestas
1016 2649 1168 2725 suspicio·
1259 2650 1260 2655 ’

132 2751 190 2795 nes
210 2734 339 2794 iniectas
360 2734 529 2802 diluemus3
556 2731 598 2805 si,
625 2746 705 2805 quac
726 2729 921 2792 incommoda
935 2730 1102 2792 acciderint
1116 2746 1169 2797 aut

135 2834 215 2893 quae
229 2816 343 2876 instent
358 2814 569 2886 difficultates,
591 2815 800 2889 proferemus3
829 2812 855 2872 si
871 2828 964 2887 prece
979 2823 1009 2874 et
1024 2815 1168 2876 obsecra-

132 2904 216 2964 tione
236 2897 341 2961 humiti
362 2915 399 2959 ac
421 2895 554 2973 supptici
569 2906 697 2958 utemur.
732 2896 781 2955 Ab
796 2893 1043 2959 adversariorum
1057 2907 1167 2972 autem,

133 2987 160 3047 si
182 3001 237 3047 eos
259 2991 310 3045 aut
330 2982 362 3043 in
385 2982 488 3044 odium
509 2989 561 3041 aut
580 2981 610 3042 in
632 2977 778 3041 invidiam
798 2978 894 3041 autin
910 2982 1167 3057 contemptionem

133 3071 334 3131 adducemus,
366 3068 400 3127 In
417 3066 521 3129 odium
536 3066 695 3140 ducentur,
716 3063 743 3126 si
758 3064 841 3140 quod
857 3079 963 3127 eorum
979 3081 1099 3142 spurce,
1116 3084 1167 3127 su·

132 3155 236 3251 perbe,
259 3152 440 3224 crudeliter,
459 3149 611 3212 malitiose
626 3150 738 3212 iactum
753 3150 957 3247 proferetum·
966 3149 996 3210 in
1012 3149 1167 3224 invidiam,

133 3239 160 3298 si
175 3238 221 3298 tis
236 3254 353 3312 eorum,
368 3233 515 3312 potentia,
531 3232 664 3309 divitiae,
680 3233 831 3311 cognatio,
846 3232 997 3309 pecuniae
1010 3236 1166 3308 proteren-

132 3332 180 3381 tur
194 3332 224 3382 at
226 3341 286 3398 que
301 3338 406 3385 corum
421 3338 499 3383 usus
514 3320 668 3395 adrogans
684 3328 714 3380 et
727 3317 942 3391 intolerabilis,
963 3325 997 3377 ut
1010 3316 1058 3374 his
1074 3314 1167 3372 rebus

118 3405 230 3480 ‘magis
247 3407 324 3466 vide
319 3415 406 3467 intur
422 3421 513 3481 quarn
530 3420 643 3465 causae
659 3419 733 3464 suae
749 3402 921 3469 confidere,
913 3400 973 3539 iii]
989 3389 1166 3461 contempti
