2575 3892
140 180 238 268 xxxvl
399 203 624 256 naucularum
643 203 742 253 viria
760 203 928 254 acaronis

150 394 198 428 Anni
237 395 283 426 Ante

312 506 403 569 partim
432 506 456 552 iu
481 504 598 568 Arpinati
621 505 729 568 aliisque
751 506 818 554 villis
845 508 977 572 transigit3
1004 522 1091 559 mense
1115 540 1117 543 -

312 573 412 624 Octobri
433 573 541 625 Romam
561 588 590 622 se
612 575 719 631 conform
743 589 830 624 mense
855 582 940 624 autem
960 575 1091 627 Decembri

312 645 336 691 in
359 642 537 702 Puteolanum,
556 642 600 692 nbi
615 642 670 694 XII.
689 643 744 694 Kal.
761 645 814 693 Ian.
833 643 968 693 Caesarem
984 648 1090 707 eiusque

311 714 415 762 comites
432 711 542 775 hospitio
560 713 666 776 accepit.

146 787 198 842 710
240 786 276 842 44
312 779 383 832 Coss.
421 781 449 831 C.
469 781 548 830 latias
566 781 664 831 Caesar
687 782 731 841 V,
750 780 790 830 M.
809 781 941 831 Arctantur.

344 850 435 899 Primis
455 851 515 899 anni
535 851 666 899 mensibus
687 849 773 899 Cicero
797 850 906 900 absolvit
931 848 1089 900 Tusculanas

311 920 498 981 disputationes.

344 987 439 1038 Caesar
450 988 536 1037 Idibus
547 987 643 1036 Martiis
657 987 684 1035 in
697 986 766 1036 curia
779 1000 795 1034 a
806 987 942 1036 coniuratis
954 986 988 1035 M.
1002 984 1087 1047 Bruto,

311 1055 337 1106 C.
355 1055 443 1106 Cassio
460 1056 566 1119 aliisque
583 1055 737 1105 interficitur.
775 1054 904 1105 Coniurati
920 1070 948 1103 se
964 1057 1089 1120 recipiunt

310 1126 335 1173 in
355 1123 514 1189 Capitolium.
541 1124 672 1174 Dolabella
688 1126 714 1174 in
734 1123 849 1174 Caesaris
867 1124 951 1173 locum
969 1138 1021 1173 cos.
1035 1123 1088 1173 sui·

311 1193 402 1243 tloitur.

345 1261 431 1312 Cicero
449 1261 516 1311 XVI.
530 1261 585 1310 Kal.
600 1262 662 1325 Apr.
676 1261 703 1309 ia
719 1263 782 1311 aede
798 1261 905 1310 Telluris
922 1276 1012 1327 pacem
1029 1277 1088 1311 sua-

310 1332 352 1380 det
375 1339 400 1380 et
424 1330 606 1380 discordiarum
630 1332 777 1380 memoriam
805 1329 932 1380 oblivione
954 1330 1088 1382 delendam

310 1406 403 1449 censet.
440 1400 549 1448 Antonio
574 1398 643 1448 idem
666 1413 694 1448 se
716 1399 780 1448 velle
802 1399 953 1460 simulante,
972 1398 1087 1449 Caesaris

309 1468 481 1518 interfectores
505 1466 628 1532 Capitolio
652 1468 819 1525 descendunt;
846 1467 880 1516 M.
903 1468 980 1517 Bruto
1005 1467 1086 1527 Creta,

309 1537 396 1586 Cassio
417 1536 517 1596 Africa,
541 1536 666 1586 Trebonio
687 1538 763 1596 Asia,
787 1536 887 1587 Cimbro
905 1537 1034 1601 Bithynia,
1053 1536 1084 1584 D.

308 1605 384 1654 Bruto
408 1604 489 1654 Callia
512 1606 612 1654 citerior
629 1606 780 1657 decernitur.
817 1604 910 1654 Caesar
927 1615 1011 1654 autern
1029 1620 1087 1653 cum

308 1674 396 1724 funere
414 1673 495 1723 elatus
511 1682 535 1722 et
548 1675 579 1724 ab
593 1677 702 1723 Antonio
722 1676 839 1725 laudatus
856 1682 932 1734 esset,
950 1674 1043 1722 Brutus
1062 1681 1087 1722 et

309 1741 411 1793 Cassius
430 1758 446 1792 a
462 1743 545 1809 plebis
561 1745 600 1793 ira
617 1744 667 1793 sibi
681 1750 821 1794 metuentes
834 1743 927 1792 Urbem
944 1742 1087 1805 relinquunt

308 1819 332 1860 et
351 1813 420 1862 Antii
443 1821 467 1862 et
484 1812 591 1862 Lanuvii
610 1822 805 1863 commorantur.
841 1812 967 1861 Antonius
990 1810 1087 1859 ltaliam

307 1889 443 1944 percursat.
471 1879 556 1929 Cicero
570 1880 644 1929 villas
660 1894 720 1928 suas
738 1880 839 1937 lustrat;
857 1880 995 1941 scribitque
1009 1879 1086 1927 libros

308 1948 339 1997 de
356 1956 450 1997 anatra
468 1948 577 2005 deorum
596 1948 628 1995 de
648 1949 806 2004 divinabam,
825 1948 857 1995 de
872 1948 939 2008 fato,
955 1947 987 1995 de
1003 1949 1086 1995 amici-

307 2018 359 2074 tia,
386 2017 418 2064 de
433 2019 575 2071 senectute,
599 2013 633 2060 de
655 2013 748 2075 picria.
793 2013 924 2063 Dolabella
944 2013 1085 2063 columnam

308 2085 334 2131 in
353 2083 408 2132 loro
427 2098 443 2131 a
460 2082 535 2146 plebe
553 2081 654 2131 Caesari
678 2090 796 2132 statutam
814 2084 904 2132 evertit
919 2081 1086 2146 hominesque

307 2151 443 2201 seditiosos
457 2150 553 2201 ultimis
569 2152 701 2215 suppliciis
718 2149 803 2201 afficit.
825 2150 852 2202 C.
867 2151 995 2211 Octavius,
1011 2151 1085 2202 heres

307 2218 429 2285 Caesaris,
441 2220 576 2284 Apollonia
593 2219 726 2285 Neapolim
746 2221 816 2271 venit
833 2220 901 2270 XIV.
918 2219 973 2270 ll'al.
993 2220 1082 2270 Maias.

307 2288 425 2338 Kalendis
443 2289 521 2339 Iuniis
538 2296 667 2339 senatores
685 2304 743 2338 cum
760 2291 786 2340 in
804 2298 902 2350 senatu,
921 2290 1084 2339 utAntonius

307 2358 433 2419 edixerat,
452 2358 543 2408 adesse
558 2358 665 2418 vellent,
684 2374 810 2411 armorum
832 2361 886 2408 eius
903 2366 972 2408 metu
989 2367 1084 2424 perter-

307 2428 347 2476 riti
365 2426 509 2491 diffugiuut.
546 2426 632 2476 Cicero
649 2428 723 2477 villas
740 2429 792 2477 obit
810 2436 834 2477 et
851 2426 928 2476 libros
946 2427 978 2476 de
994 2427 1084 2490 officiis

306 2495 415 2544 scribere
438 2496 593 2559 aggreditur.
628 2496 661 2545 Et
682 2511 739 2545 cam
760 2496 865 2545 haberet
887 2497 927 2543 ius
949 2495 1083 2558 legationis

306 2563 413 2621 liberae,
441 2564 575 2612 consiliam
602 2566 670 2627 cepit
692 2567 718 2612 ia
741 2562 871 2613 Graeciam
896 2562 1081 2626 proficiscendi.
1170 2572 1172 2576 “

305 2631 393 2692 Itaque
412 2630 467 2680 ΧΠ.
490 2631 547 2685 Kal.
566 2629 656 2686 Sextil.
679 2632 753 2682 Velia
775 2631 952 2696 proficiscens,
976 2630 1034 2693 (ubi
1056 2633 1083 2680 in

305 2701 363 2763 ipsa
379 2700 542 2763 navigatione
562 2698 657 2761 Topica
673 2700 708 2750 ad
723 2700 867 2751 Trebatium
884 2698 999 2765 scripsit)
1036 2700 1085 2751 Re-

305 2770 376 2833 giam
392 2776 417 2817 et
432 2766 488 2819 Kal.
502 2765 571 2818 Sext.
586 2767 724 2834 Syraciisas
736 2769 815 2818 venit.
849 2770 911 2819 Inde
924 2777 1027 2834 postero
1042 2769 1083 2818 die

305 2852 370 2888 nave
388 2851 526 2891 conscensa
543 2839 626 2887 ventis
644 2839 752 2888 reiectus
771 2837 805 2887 ad
825 2837 1009 2902 Leucopetram
1024 2853 1083 2903 pro-

304 2909 457 2958 montorium
474 2908 530 2973 agri
544 2905 663 2972 Rhegini,
682 2922 739 2956 cum
753 2906 863 2972 eregini
882 2908 985 2970 quidam
1002 2907 1083 2956 Roma

303 2978 433 3026 venientes
451 2991 482 3025 ea
497 2984 649 3036 narrassent,
668 2991 732 3039 quae
750 2990 822 3041 spem
841 2976 952 3026 lacerem
968 2975 1036 3034 lore,
1054 2982 1083 3022 ut

304 3043 428 3094 Antonius
443 3044 545 3094 cederet
559 3054 584 3094 et
595 3042 711 3094 Caesaris
729 3045 901 3095 interfectores
918 3043 1025 3091 Romam
1043 3057 1082 3090 re-

305 3110 401 3171 dirent,
420 3112 564 3162 Ciceronem
582 3128 641 3163 vero
659 3114 797 3163 desiderari
815 3120 848 3173 et,
868 3112 937 3173 quad
954 3110 1020 3160 Urbe
1038 3112 1081 3160 ab·

305 3187 381 3239 esset,
400 3182 513 3229 accusari
531 3181 665 3243 dixissent,
681 3181 844 3246 profectionis
862 3178 967 3229 consilio
985 3179 1082 3229 abiecto

303 3247 412 3297 Romam
429 3256 547 3313 properat
562 3257 587 3299 et
603 3251 669 3315 prid.
687 3249 741 3299 Kal.
761 3247 830 3312 Sept.
849 3248 876 3297 in
893 3248 986 3299 Urbem
1004 3249 1081 3298 venit.

304 3317 429 3366 Antonius
446 3317 502 3368 Kal.
519 3315 586 3383 Sept.
606 3325 721 3368 senatum
736 3317 824 3367 habuit
842 3317 874 3366 de
891 3316 1082 3382 supplicationi·

303 3384 351 3433 bus
363 3384 466 3434 Caesari
480 3385 654 3436 decernendis.
675 3385 760 3436 (icero
773 3387 800 3435 iu
813 3393 928 3436 senatum
939 3399 991 3435 uon
1004 3386 1081 3443 veuit,

304 3450 413 3501 fortasse
427 3461 542 3503 metuam
559 3455 590 3504 ab
601 3457 713 3505 Antonio
728 3454 844 3516 insidias,
864 3456 932 3504 misit
948 3463 1033 3503 tamen
1050 3454 1083 3501 ad
