<?xml version="1.0" encoding="UTF-8"?>
<!DOCTYPE html PUBLIC "-//W3C//DTD XHTML 1.0 Transitional//EN"
    "http://www.w3.org/TR/xhtml1/DTD/xhtml1-transitional.dtd">
<html xmlns="http://www.w3.org/1999/xhtml" xml:lang="en" lang="en">
 <head>
  <title>
</title>
<meta http-equiv="Content-Type" content="text/html;charset=utf-8" />
  <meta name='ocr-system' content='tesseract 3.04.00' />
  <meta name='ocr-capabilities' content='ocr_page ocr_carea ocr_par ocr_line ocrx_word'/>
</head>
<body>
  <div class='ocr_page' id='page_1' title='image "./mtulliiciceroni00friegoog/mtulliiciceroni00friegoog_0115.png"; bbox 0 0 2575 3892; ppageno 0'>
   <div class='ocr_carea' id='block_1_1' title="bbox 374 176 1188 245">
    <p class='ocr_par' dir='ltr' id='par_1_1' title="bbox 374 176 1188 245">
     <span class='ocr_line' id='line_1_1' title="bbox 374 176 1188 245; baseline 0.016 -13"><span class='ocrx_word' id='word_1_1' title='bbox 374 176 548 235; x_wconf 71' lang='lat' dir='ltr'><strong>lincam.</strong></span> <span class='ocrx_word' id='word_1_2' title='bbox 572 178 653 235; x_wconf 76' lang='lat' dir='ltr'><strong>cnr.</strong></span> <span class='ocrx_word' id='word_1_3' title='bbox 668 185 786 239; x_wconf 71' lang='lat'><strong>12-13.</strong></span> <span class='ocrx_word' id='word_1_4' title='bbox 809 184 834 245; x_wconf 82' lang='lat' dir='ltr'><strong>s.</strong></span> <span class='ocrx_word' id='word_1_5' title='bbox 848 187 968 243; x_wconf 76' lang='lat'>17-19.</span> <span class='ocrx_word' id='word_1_6' title='bbox 1146 179 1188 245; x_wconf 80' lang='grc'><strong>67</strong></span> 
     </span>
    </p>
   </div>
   <div class='ocr_carea' id='block_1_2' title="bbox 140 324 1233 3398">
    <p class='ocr_par' dir='ltr' id='par_1_2' title="bbox 146 324 1187 900">
     <span class='ocr_line' id='line_1_2' title="bbox 151 324 1187 402; baseline 0.001 -15"><span class='ocrx_word' id='word_1_7' title='bbox 151 343 256 387; x_wconf 84' lang='lat' dir='ltr'><strong>ornnes</strong></span> <span class='ocrx_word' id='word_1_8' title='bbox 270 334 376 400; x_wconf 88' lang='lat' dir='ltr'><strong>partes</strong></span> <span class='ocrx_word' id='word_1_9' title='bbox 393 324 540 384; x_wconf 89' lang='lat' dir='ltr'><strong>orationis</strong></span> <span class='ocrx_word' id='word_1_10' title='bbox 551 325 752 399; x_wconf 77' lang='lat' dir='ltr'>aequabiliter</span> <span class='ocrx_word' id='word_1_11' title='bbox 763 327 941 402; x_wconf 89' lang='lat' dir='ltr'><strong>perpolitas.</strong></span> <span class='ocrx_word' id='word_1_12' title='bbox 962 328 1008 388; x_wconf 88' lang='lat' dir='ltr'><strong>Ea</strong></span> <span class='ocrx_word' id='word_1_13' title='bbox 1020 344 1187 391; x_wconf 84' lang='lat' dir='ltr'><strong>conserva·</strong></span> 
     </span>
     <span class='ocr_line' id='line_1_3' title="bbox 148 407 1186 491; baseline 0.002 -22"><span class='ocrx_word' id='word_1_14' title='bbox 148 410 242 484; x_wconf 89' lang='lat' dir='ltr'><strong>bitur,</strong></span> <span class='ocrx_word' id='word_1_15' title='bbox 264 410 290 468; x_wconf 93' lang='lat' dir='ltr'><strong>si</strong></span> <span class='ocrx_word' id='word_1_16' title='bbox 307 407 459 491; x_wconf 80' lang='lat' dir='ltr'><strong>fugiemus</strong></span> <span class='ocrx_word' id='word_1_17' title='bbox 476 407 601 477; x_wconf 85' lang='lat' dir='ltr'><strong>crebras</strong></span> <span class='ocrx_word' id='word_1_18' title='bbox 615 407 1020 489; x_wconf 71' lang='lat' dir='ltr'><strong>vocaliumcoppursiones,</strong></span> <span class='ocrx_word' id='word_1_19' title='bbox 1038 428 1118 489; x_wconf 89' lang='lat' dir='ltr'><strong>quae</strong></span> <span class='ocrx_word' id='word_1_20' title='bbox 1133 428 1186 472; x_wconf 90' lang='lat' dir='ltr'><strong>va-</strong></span> 
     </span>
     <span class='ocr_line' id='line_1_4' title="bbox 148 483 1186 569; baseline 0.005 -17"><span class='ocrx_word' id='word_1_21' title='bbox 148 501 225 553; x_wconf 88' lang='lat' dir='ltr'><strong>stam</strong></span> <span class='ocrx_word' id='word_1_22' title='bbox 246 483 488 569; x_wconf 64' lang='lat' dir='ltr'><strong>attisie&#39;liiantem</strong></span> <span class='ocrx_word' id='word_1_23' title='bbox 504 483 832 566; x_wconf 79' lang='lat' dir='ltr'><strong>orationeiii&#39;reddunt,</strong></span> <span class='ocrx_word' id='word_1_24' title='bbox 858 503 891 552; x_wconf 92' lang='lat' dir='ltr'><strong>ut</strong></span> <span class='ocrx_word' id='word_1_25' title='bbox 902 484 1058 556; x_wconf 61' lang='lat' dir='ltr'><strong>babebat:</strong></span> <span class='ocrx_word' id='word_1_26' title='bbox 1082 496 1186 557; x_wconf 87' lang='lat' dir='ltr'><strong>Baeae</strong></span> 
     </span>
     <span class='ocr_line' id='line_1_5' title="bbox 147 571 1184 651; baseline 0.005 -16"><span class='ocrx_word' id='word_1_27' title='bbox 147 578 250 636; x_wconf 88' lang='lat' dir='ltr'><strong>aeriae</strong></span> <span class='ocrx_word' id='word_1_28' title='bbox 282 571 521 634; x_wconf 83' lang='lat' dir='ltr'><strong>amoenissimae</strong></span> <span class='ocrx_word' id='word_1_29' title='bbox 541 573 769 649; x_wconf 80' lang='lat' dir='ltr'><strong>impendebant.</strong></span> <span class='ocrx_word' id='word_1_30' title='bbox 805 574 857 651; x_wconf 83' lang='lat' dir='ltr'><strong>Et,</strong></span> <span class='ocrx_word' id='word_1_31' title='bbox 884 576 910 635; x_wconf 92' lang='lat' dir='ltr'><strong>si</strong></span> <span class='ocrx_word' id='word_1_32' title='bbox 925 576 1087 639; x_wconf 85' lang='lat' dir='ltr'><strong>vitabimus</strong></span> <span class='ocrx_word' id='word_1_33' title='bbox 1102 579 1184 640; x_wconf 91' lang='lat' dir='ltr'><strong>eius-</strong></span> 
     </span>
     <span class='ocr_line' id='line_1_6' title="bbox 148 655 1185 735; baseline 0.003 -16"><span class='ocrx_word' id='word_1_34' title='bbox 148 656 218 719; x_wconf 87' lang='lat' dir='ltr'><strong>dem</strong></span> <span class='ocrx_word' id='word_1_35' title='bbox 237 657 354 717; x_wconf 77' lang='lat' dir='ltr'><strong>litterae</strong></span> <span class='ocrx_word' id='word_1_36' title='bbox 375 655 750 735; x_wconf 65' lang='lat' dir='ltr'><strong>nimjumadsiduitatem</strong></span> <span class='ocrx_word' id='word_1_37' title='bbox 777 656 827 718; x_wconf 88' lang='lat' dir='ltr'><strong>oui</strong></span> <span class='ocrx_word' id='word_1_38' title='bbox 847 657 921 720; x_wconf 90' lang='lat' dir='ltr'><strong>vitio</strong></span> <span class='ocrx_word' id='word_1_39' title='bbox 936 676 1047 722; x_wconf 90' lang='lat' dir='ltr'><strong>versus</strong></span> <span class='ocrx_word' id='word_1_40' title='bbox 1061 662 1112 722; x_wconf 89' lang='lat' dir='ltr'><strong>hic</strong></span> <span class='ocrx_word' id='word_1_41' title='bbox 1126 663 1185 727; x_wconf 89' lang='lat' dir='ltr'><strong>erit</strong></span> 
     </span>
     <span class='ocr_line' id='line_1_7' title="bbox 147 736 1185 817; baseline 0.004 -17"><span class='ocrx_word' id='word_1_42' title='bbox 147 740 305 816; x_wconf 86' lang='lat' dir='ltr'><strong>exemplo:</strong></span> <span class='ocrx_word' id='word_1_43' title='bbox 342 756 411 800; x_wconf 92' lang='lat' dir='ltr'><strong>nam</strong></span> <span class='ocrx_word' id='word_1_44' title='bbox 438 740 487 802; x_wconf 89' lang='lat' dir='ltr'><strong>hic</strong></span> <span class='ocrx_word' id='word_1_45' title='bbox 518 739 592 800; x_wconf 91' lang='lat' dir='ltr'><strong>nihil</strong></span> <span class='ocrx_word' id='word_1_46' title='bbox 616 736 759 817; x_wconf 80' lang='lat' dir='ltr'><strong>piootbet</strong></span> <span class='ocrx_word' id='word_1_47' title='bbox 784 742 814 800; x_wconf 91' lang='lat' dir='ltr'><strong>in</strong></span> <span class='ocrx_word' id='word_1_48' title='bbox 840 741 922 802; x_wconf 91' lang='lat' dir='ltr'><strong>vitiis</strong></span> <span class='ocrx_word' id='word_1_49' title='bbox 947 743 1056 804; x_wconf 91' lang='lat' dir='ltr'><strong>alienis</strong></span> <span class='ocrx_word' id='word_1_50' title='bbox 1081 761 1185 813; x_wconf 86' lang='lat' dir='ltr'><strong>exem-</strong></span> 
     </span>
     <span class='ocr_line' id='line_1_8' title="bbox 146 822 1155 900; baseline 0.002 -17"><span class='ocrx_word' id='word_1_51' title='bbox 146 825 206 900; x_wconf 90' lang='lat' dir='ltr'><strong>plis</strong></span> <span class='ocrx_word' id='word_1_52' title='bbox 221 822 281 885; x_wconf 76' lang='lat' dir='ltr'><strong>uli:</strong></span> <span class='ocrx_word' id='word_1_53' title='bbox 1149 836 1155 848; x_wconf 83' lang='lat'>&#39;</span> 
     </span>
    </p>

    <p class='ocr_par' dir='ltr' id='par_1_3' title="bbox 145 908 949 1068">
     <span class='ocr_line' id='line_1_9' title="bbox 188 908 949 986; baseline 0.004 -20"><span class='ocrx_word' id='word_1_54' title='bbox 188 908 299 981; x_wconf 75' lang='lat' dir='ltr'><strong>arta,</strong></span> <span class='ocrx_word' id='word_1_55' title='bbox 320 917 385 983; x_wconf 86' lang='lat' dir='ltr'><strong>tate,</strong></span> <span class='ocrx_word' id='word_1_56' title='bbox 413 908 486 982; x_wconf 78' lang='lat' dir='ltr'><strong>raa,</strong></span> <span class='ocrx_word' id='word_1_57' title='bbox 510 910 562 969; x_wconf 79' lang='lat' dir='ltr'><strong>titt</strong></span> <span class='ocrx_word' id='word_1_58' title='bbox 577 916 669 983; x_wconf 86' lang='lat' dir='ltr'><strong>tanta,</strong></span> <span class='ocrx_word' id='word_1_59' title='bbox 694 916 828 986; x_wconf 79' lang='lat' dir='ltr'><strong>tyranne,</strong></span> <span class='ocrx_word' id='word_1_60' title='bbox 851 912 949 986; x_wconf 77' lang='lat' dir='ltr'><strong>tulisti,</strong></span> 
     </span>
     <span class='ocr_line' id='line_1_10' title="bbox 145 990 532 1068; baseline -0.008 -18"><span class='ocrx_word' id='word_1_61' title='bbox 145 999 175 1051; x_wconf 91' lang='lat' dir='ltr'><strong>et</strong></span> <span class='ocrx_word' id='word_1_62' title='bbox 188 990 237 1052; x_wconf 89' lang='lat' dir='ltr'><strong>hic</strong></span> <span class='ocrx_word' id='word_1_63' title='bbox 253 991 392 1052; x_wconf 86' lang='lat' dir='ltr'><strong>eiusdem</strong></span> <span class='ocrx_word' id='word_1_64' title='bbox 405 995 532 1068; x_wconf 73' lang='lat' dir='ltr'><strong>poetae:</strong></span> 
     </span>
    </p>

    <p class='ocr_par' dir='ltr' id='par_1_4' title="bbox 140 1073 1187 1819">
     <span class='ocr_line' id='line_1_11' title="bbox 186 1073 1119 1152; baseline 0.002 -18"><span class='ocrx_word' id='word_1_65' title='bbox 186 1074 352 1150; x_wconf 75' lang='lat' dir='ltr'><strong>Quidquam</strong></span> <span class='ocrx_word' id='word_1_66' title='bbox 369 1080 524 1152; x_wconf 70' lang='lat' dir='ltr'><strong>qnisquam</strong></span> <span class='ocrx_word' id='word_1_67' title='bbox 540 1081 707 1152; x_wconf 77' lang='lat' dir='ltr'><strong>quoiquam,</strong></span> <span class='ocrx_word' id='word_1_68' title='bbox 729 1077 810 1152; x_wconf 78' lang='lat' dir='ltr'><strong>quoa</strong></span> <span class='ocrx_word' id='word_1_69' title='bbox 824 1080 985 1152; x_wconf 77' lang='lat' dir='ltr'><strong>conveniat,</strong></span> <span class='ocrx_word' id='word_1_70' title='bbox 1009 1073 1119 1151; x_wconf 75' lang='lat' dir='ltr'><strong>nepoti</strong></span> 
     </span>
     <span class='ocr_line' id='line_1_12' title="bbox 146 1159 1182 1238; baseline -0.001 -16"><span class='ocrx_word' id='word_1_71' title='bbox 146 1163 195 1234; x_wconf 83' lang='lat' dir='ltr'><strong>Et,</strong></span> <span class='ocrx_word' id='word_1_72' title='bbox 201 1161 229 1222; x_wconf 90' lang='lat' dir='ltr'><strong>si</strong></span> <span class='ocrx_word' id='word_1_73' title='bbox 241 1161 380 1221; x_wconf 90' lang='lat' dir='ltr'><strong>eiusdem</strong></span> <span class='ocrx_word' id='word_1_74' title='bbox 392 1159 481 1222; x_wconf 87' lang='lat' dir='ltr'><strong>verbi</strong></span> <span class='ocrx_word' id='word_1_75' title='bbox 490 1160 706 1222; x_wconf 86' lang='lat' dir='ltr'><strong>adsiduitatem</strong></span> <span class='ocrx_word' id='word_1_76' title='bbox 718 1161 840 1222; x_wconf 89' lang='lat' dir='ltr'><strong>nimiam</strong></span> <span class='ocrx_word' id='word_1_77' title='bbox 853 1162 1015 1238; x_wconf 80' lang='lat' dir='ltr'><strong>fugiemus,</strong></span> <span class='ocrx_word' id='word_1_78' title='bbox 1028 1161 1182 1221; x_wconf 90' lang='lat' dir='ltr'><strong>huiusmo-</strong></span> 
     </span>
     <span class='ocr_line' id='line_1_13' title="bbox 146 1244 1182 1318; baseline -0.002 -13"><span class='ocrx_word' id='word_1_79' title='bbox 146 1246 192 1305; x_wconf 92' lang='lat' dir='ltr'><strong>di:</strong></span> <span class='ocrx_word' id='word_1_80' title='bbox 206 1247 280 1305; x_wconf 89' lang='lat' dir='ltr'><strong>Nam</strong></span> <span class='ocrx_word' id='word_1_81' title='bbox 294 1245 381 1306; x_wconf 89' lang='lat' dir='ltr'><strong>euius</strong></span> <span class='ocrx_word' id='word_1_82' title='bbox 393 1244 522 1306; x_wconf 88' lang='lat' dir='ltr'><strong>rationis</strong></span> <span class='ocrx_word' id='word_1_83' title='bbox 535 1245 613 1307; x_wconf 88' lang='lat' dir='ltr'><strong>ratio</strong></span> <span class='ocrx_word' id='word_1_84' title='bbox 622 1263 684 1306; x_wconf 92' lang='lat' dir='ltr'><strong>non</strong></span> <span class='ocrx_word' id='word_1_85' title='bbox 694 1253 803 1318; x_wconf 86' lang='lat' dir='ltr'><strong>exstet,</strong></span> <span class='ocrx_word' id='word_1_86' title='bbox 819 1244 846 1306; x_wconf 91' lang='lat' dir='ltr'><strong>ei</strong></span> <span class='ocrx_word' id='word_1_87' title='bbox 859 1245 969 1307; x_wconf 87' lang='lat' dir='ltr'><strong>rationi</strong></span> <span class='ocrx_word' id='word_1_88' title='bbox 976 1244 1054 1306; x_wconf 88' lang='lat' dir='ltr'><strong>ratio</strong></span> <span class='ocrx_word' id='word_1_89' title='bbox 1063 1261 1125 1304; x_wconf 91' lang='lat' dir='ltr'><strong>non</strong></span> <span class='ocrx_word' id='word_1_90' title='bbox 1134 1252 1182 1306; x_wconf 89' lang='lat' dir='ltr'><strong>est</strong></span> 
     </span>
     <span class='ocr_line' id='line_1_14' title="bbox 143 1328 1187 1415; baseline 0.001 -28"><span class='ocrx_word' id='word_1_91' title='bbox 143 1328 237 1389; x_wconf 84' lang='lat' dir='ltr'><strong>fidem</strong></span> <span class='ocrx_word' id='word_1_92' title='bbox 251 1330 377 1389; x_wconf 88' lang='lat' dir='ltr'><strong>habere.</strong></span> <span class='ocrx_word' id='word_1_93' title='bbox 403 1330 450 1401; x_wconf 87' lang='lat' dir='ltr'><strong>Et,</strong></span> <span class='ocrx_word' id='word_1_94' title='bbox 472 1329 1187 1415; x_wconf 35' lang='lat' dir='ltr'><strong>sinonutemurcontinenterpiprilitereaden,</strong></span> 
     </span>
     <span class='ocr_line' id='line_1_15' title="bbox 142 1411 552 1499; baseline 0.002 -28"><span class='ocrx_word' id='word_1_95' title='bbox 142 1411 225 1499; x_wconf 71' lang='lat' dir='ltr'><strong>ultus</strong></span> <span class='ocrx_word' id='word_1_96' title='bbox 238 1412 352 1486; x_wconf 87' lang='lat' dir='ltr'><strong>verbis,</strong></span> <span class='ocrx_word' id='word_1_97' title='bbox 368 1413 428 1473; x_wconf 87' lang='lat' dir='ltr'><strong>boc</strong></span> <span class='ocrx_word' id='word_1_98' title='bbox 443 1413 552 1473; x_wconf 88' lang='lat' dir='ltr'><strong>modo:</strong></span> 
     </span>
     <span class='ocr_line' id='line_1_16' title="bbox 140 1488 923 1568; baseline 0.003 -18"><span class='ocrx_word' id='word_1_99' title='bbox 140 1488 309 1565; x_wconf 60' lang='lat' dir='ltr'><strong>‘&#39;‘Ftcntca</strong></span> <span class='ocrx_word' id='word_1_100' title='bbox 329 1495 492 1568; x_wconf 81' lang='lat' dir='ltr'><strong>plorantes,</strong></span> <span class='ocrx_word' id='word_1_101' title='bbox 514 1497 713 1565; x_wconf 83' lang='lat' dir='ltr'><strong>lacrimantes,</strong></span> <span class='ocrx_word' id='word_1_102' title='bbox 736 1495 923 1553; x_wconf 84' lang='lat' dir='ltr'><strong>obtestantes:</strong></span> 
     </span>
     <span class='ocr_line' id='line_1_17' title="bbox 144 1572 1181 1650; baseline 0.002 -19"><span class='ocrx_word' id='word_1_103' title='bbox 144 1581 183 1644; x_wconf 86' lang='lat' dir='ltr'><strong>et,</strong></span> <span class='ocrx_word' id='word_1_104' title='bbox 199 1572 225 1632; x_wconf 88' lang='lat' dir='ltr'><strong>si</strong></span> <span class='ocrx_word' id='word_1_105' title='bbox 239 1575 403 1634; x_wconf 89' lang='lat' dir='ltr'><strong>verborum</strong></span> <span class='ocrx_word' id='word_1_106' title='bbox 416 1574 666 1636; x_wconf 84' lang='lat' dir='ltr'><strong>transiectionem</strong></span> <span class='ocrx_word' id='word_1_107' title='bbox 678 1575 852 1648; x_wconf 89' lang='lat' dir='ltr'><strong>vitabimus,</strong></span> <span class='ocrx_word' id='word_1_108' title='bbox 867 1573 927 1635; x_wconf 89' lang='lat' dir='ltr'><strong>nisi</strong></span> <span class='ocrx_word' id='word_1_109' title='bbox 943 1590 1022 1650; x_wconf 85' lang='lat' dir='ltr'><strong>quae</strong></span> <span class='ocrx_word' id='word_1_110' title='bbox 1038 1572 1095 1633; x_wconf 87' lang='lat' dir='ltr'><strong>erit</strong></span> <span class='ocrx_word' id='word_1_111' title='bbox 1109 1588 1181 1633; x_wconf 92' lang='lat' dir='ltr'><strong>con-</strong></span> 
     </span>
     <span class='ocr_line' id='line_1_18' title="bbox 145 1655 1185 1732; baseline 0.004 -20"><span class='ocrx_word' id='word_1_112' title='bbox 145 1655 248 1729; x_wconf 81' lang='lat' dir='ltr'><strong>cinna,</strong></span> <span class='ocrx_word' id='word_1_113' title='bbox 272 1672 333 1732; x_wconf 88' lang='lat' dir='ltr'><strong>qua</strong></span> <span class='ocrx_word' id='word_1_114' title='bbox 347 1658 386 1718; x_wconf 94' lang='lat' dir='ltr'><strong>de</strong></span> <span class='ocrx_word' id='word_1_115' title='bbox 400 1675 434 1717; x_wconf 90' lang='lat' dir='ltr'><strong>re</strong></span> <span class='ocrx_word' id='word_1_116' title='bbox 449 1658 604 1732; x_wconf 87' lang='lat' dir='ltr'><strong>posterius</strong></span> <span class='ocrx_word' id='word_1_117' title='bbox 619 1661 795 1732; x_wconf 87' lang='lat' dir='ltr'><strong>loquemur;</strong></span> <span class='ocrx_word' id='word_1_118' title='bbox 820 1674 881 1732; x_wconf 89' lang='lat' dir='ltr'><strong>quo</strong></span> <span class='ocrx_word' id='word_1_119' title='bbox 896 1657 927 1716; x_wconf 92' lang='lat' dir='ltr'><strong>in</strong></span> <span class='ocrx_word' id='word_1_120' title='bbox 941 1657 1016 1718; x_wconf 83' lang='lat' dir='ltr'><strong>vitio</strong></span> <span class='ocrx_word' id='word_1_121' title='bbox 1032 1665 1080 1717; x_wconf 89' lang='lat' dir='ltr'><strong>est</strong></span> <span class='ocrx_word' id='word_1_122' title='bbox 1093 1656 1185 1717; x_wconf 89' lang='lat' dir='ltr'><strong>Luci·</strong></span> 
     </span>
     <span class='ocr_line' id='line_1_19' title="bbox 143 1737 857 1819; baseline 0.014 -23"><span class='ocrx_word' id='word_1_123' title='bbox 143 1738 204 1797; x_wconf 90' lang='lat' dir='ltr'><strong>lius</strong></span> <span class='ocrx_word' id='word_1_124' title='bbox 218 1737 378 1813; x_wconf 91' lang='lat' dir='ltr'><strong>adsiduus,</strong></span> <span class='ocrx_word' id='word_1_125' title='bbox 392 1748 427 1799; x_wconf 89' lang='lat' dir='ltr'><strong>ut</strong></span> <span class='ocrx_word' id='word_1_126' title='bbox 443 1742 522 1802; x_wconf 85' lang='lat' dir='ltr'><strong>haee</strong></span> <span class='ocrx_word' id='word_1_127' title='bbox 536 1744 628 1804; x_wconf 90' lang='lat' dir='ltr'><strong>estin</strong></span> <span class='ocrx_word' id='word_1_128' title='bbox 643 1746 749 1819; x_wconf 90' lang='lat' dir='ltr'><strong>priore</strong></span> <span class='ocrx_word' id='word_1_129' title='bbox 762 1747 857 1806; x_wconf 89' lang='lat' dir='ltr'><strong>libro:</strong></span> 
     </span>
    </p>

    <p class='ocr_par' dir='ltr' id='par_1_5' title="bbox 143 1820 1233 2228">
     <span class='ocr_line' id='line_1_20' title="bbox 184 1820 939 1897; baseline -0.003 -18"><span class='ocrx_word' id='word_1_130' title='bbox 184 1820 249 1879; x_wconf 86' lang='lat' dir='ltr'><strong>Has</strong></span> <span class='ocrx_word' id='word_1_131' title='bbox 265 1838 315 1881; x_wconf 85' lang='lat' dir='ltr'><strong>res</strong></span> <span class='ocrx_word' id='word_1_132' title='bbox 331 1823 375 1882; x_wconf 82' lang='lat' dir='ltr'><strong>ad</strong></span> <span class='ocrx_word' id='word_1_133' title='bbox 390 1830 418 1882; x_wconf 85' lang='lat' dir='ltr'><strong>te</strong></span> <span class='ocrx_word' id='word_1_134' title='bbox 434 1825 570 1897; x_wconf 71' lang='lat' dir='ltr'><strong>scriptas,</strong></span> <span class='ocrx_word' id='word_1_135' title='bbox 592 1822 674 1895; x_wconf 80' lang='lat' dir='ltr'><strong>Luci,</strong></span> <span class='ocrx_word' id='word_1_136' title='bbox 696 1823 834 1894; x_wconf 71' lang='lat' dir='ltr'><strong>minans,</strong></span> <span class='ocrx_word' id='word_1_137' title='bbox 856 1822 939 1881; x_wconf 76' lang='lat' dir='ltr'><strong>Aeli..</strong></span> 
     </span>
     <span class='ocr_line' id='line_1_21' title="bbox 143 1902 1183 1989; baseline 0.004 -27"><span class='ocrx_word' id='word_1_138' title='bbox 143 1906 219 1965; x_wconf 87' lang='lat' dir='ltr'><strong>ltcm</strong></span> <span class='ocrx_word' id='word_1_139' title='bbox 233 1906 340 1980; x_wconf 82' lang='lat' dir='ltr'><strong>lugere</strong></span> <span class='ocrx_word' id='word_1_140' title='bbox 356 1912 477 1981; x_wconf 90' lang='lat' dir='ltr'><strong>oportet</strong></span> <span class='ocrx_word' id='word_1_141' title='bbox 489 1905 791 1989; x_wconf 26' lang='lat' dir='ltr'><strong>longam-‚ycrborum</strong></span> <span class='ocrx_word' id='word_1_142' title='bbox 806 1902 1081 1989; x_wconf 74' lang='lat' dir='ltr'><strong>continuationem,</strong></span> <span class='ocrx_word' id='word_1_143' title='bbox 1103 1921 1183 1981; x_wconf 91' lang='lat' dir='ltr'><strong>quae</strong></span> 
     </span>
     <span class='ocr_line' id='line_1_22' title="bbox 143 1978 1233 2063; baseline 0 -16"><span class='ocrx_word' id='word_1_144' title='bbox 143 1996 174 2048; x_wconf 91' lang='lat' dir='ltr'><strong>et</strong></span> <span class='ocrx_word' id='word_1_145' title='bbox 193 1986 343 2050; x_wconf 87' lang='lat' dir='ltr'><strong>auditoris</strong></span> <span class='ocrx_word' id='word_1_146' title='bbox 365 2005 457 2051; x_wconf 86' lang='lat' dir='ltr'><strong>aures</strong></span> <span class='ocrx_word' id='word_1_147' title='bbox 479 1982 662 2050; x_wconf 63' lang='lat' dir='ltr'><strong>etoratoris</strong></span> <span class='ocrx_word' id='word_1_148' title='bbox 684 1978 1038 2063; x_wconf 71' lang='lat' dir='ltr'><strong>spirttdnloedu.“ffis</strong></span> <span class='ocrx_word' id='word_1_149' title='bbox 1052 1982 1135 2050; x_wconf 72' lang='lat' dir='ltr'><strong>titiis</strong></span> <span class='ocrx_word' id='word_1_150' title='bbox 1150 1986 1182 2047; x_wconf 88' lang='lat' dir='ltr'><strong>in</strong></span> <span class='ocrx_word' id='word_1_151' title='bbox 1229 2024 1233 2032; x_wconf 72' lang='grc'><strong>»</strong></span> 
     </span>
     <span class='ocr_line' id='line_1_23' title="bbox 143 2069 1182 2148; baseline -0.002 -17"><span class='ocrx_word' id='word_1_152' title='bbox 143 2071 367 2146; x_wconf 82' lang='lat' dir='ltr'><strong>compositione</strong></span> <span class='ocrx_word' id='word_1_153' title='bbox 386 2073 489 2134; x_wconf 91' lang='lat' dir='ltr'><strong>vitatis</strong></span> <span class='ocrx_word' id='word_1_154' title='bbox 531 2071 683 2148; x_wconf 87' lang='lat' dir='ltr'><strong>reliquum</strong></span> <span class='ocrx_word' id='word_1_155' title='bbox 705 2069 809 2147; x_wconf 88' lang='lat' dir='ltr'><strong>operis</strong></span> <span class='ocrx_word' id='word_1_156' title='bbox 830 2071 1074 2132; x_wconf 90' lang='lat' dir='ltr'><strong>consumendum</strong></span> <span class='ocrx_word' id='word_1_157' title='bbox 1088 2080 1136 2133; x_wconf 88' lang='lat' dir='ltr'><strong>est</strong></span> <span class='ocrx_word' id='word_1_158' title='bbox 1150 2071 1182 2130; x_wconf 92' lang='lat' dir='ltr'><strong>in</strong></span> 
     </span>
     <span class='ocr_line' id='line_1_24' title="bbox 145 2153 301 2228; baseline 0.006 -16"><span class='ocrx_word' id='word_1_159' title='bbox 145 2153 301 2228; x_wconf 82' lang='lat' dir='ltr'><strong>dignitate.</strong></span> 
     </span>
    </p>

    <p class='ocr_par' dir='ltr' id='par_1_6' title="bbox 141 2238 1183 2731">
     <span class='ocr_line' id='line_1_25' title="bbox 223 2238 1180 2317; baseline -0.002 -19"><span class='ocrx_word' id='word_1_160' title='bbox 223 2238 300 2298; x_wconf 85' lang='lat' dir='ltr'><strong>lllll.</strong></span> <span class='ocrx_word' id='word_1_161' title='bbox 324 2238 461 2317; x_wconf 74' lang='lat' dir='ltr'><strong>Dgpiitas</strong></span> <span class='ocrx_word' id='word_1_162' title='bbox 479 2248 541 2310; x_wconf 87' lang='lat' dir='ltr'><strong>est,</strong></span> <span class='ocrx_word' id='word_1_163' title='bbox 565 2255 644 2314; x_wconf 84' lang='lat' dir='ltr'><strong>quae</strong></span> <span class='ocrx_word' id='word_1_164' title='bbox 659 2238 761 2299; x_wconf 84' lang='lat' dir='ltr'><strong>reddit</strong></span> <span class='ocrx_word' id='word_1_165' title='bbox 776 2247 912 2300; x_wconf 84' lang='lat' dir='ltr'><strong>ornatam</strong></span> <span class='ocrx_word' id='word_1_166' title='bbox 928 2238 1112 2311; x_wconf 87' lang='lat' dir='ltr'><strong>orationem,</strong></span> <span class='ocrx_word' id='word_1_167' title='bbox 1128 2255 1180 2297; x_wconf 89' lang='lat' dir='ltr'><strong>va-</strong></span> 
     </span>
     <span class='ocr_line' id='line_1_26' title="bbox 142 2320 1182 2399; baseline 0 -20"><span class='ocrx_word' id='word_1_168' title='bbox 142 2320 251 2382; x_wconf 86' lang='lat' dir='ltr'><strong>rietate</strong></span> <span class='ocrx_word' id='word_1_169' title='bbox 265 2320 466 2399; x_wconf 81' lang='lat' dir='ltr'><strong>distinguens.</strong></span> <span class='ocrx_word' id='word_1_170' title='bbox 488 2322 573 2382; x_wconf 86' lang='lat' dir='ltr'><strong>Haec</strong></span> <span class='ocrx_word' id='word_1_171' title='bbox 587 2322 618 2381; x_wconf 92' lang='lat' dir='ltr'><strong>in</strong></span> <span class='ocrx_word' id='word_1_172' title='bbox 634 2321 798 2383; x_wconf 86' lang='lat' dir='ltr'><strong>verborum</strong></span> <span class='ocrx_word' id='word_1_173' title='bbox 812 2331 842 2383; x_wconf 89' lang='lat' dir='ltr'><strong>et</strong></span> <span class='ocrx_word' id='word_1_174' title='bbox 854 2321 886 2381; x_wconf 90' lang='lat' dir='ltr'><strong>in</strong></span> <span class='ocrx_word' id='word_1_175' title='bbox 897 2321 1116 2385; x_wconf 87' lang='lat' dir='ltr'><strong>sententiarum</strong></span> <span class='ocrx_word' id='word_1_176' title='bbox 1128 2336 1182 2381; x_wconf 85' lang='lat' dir='ltr'><strong>ex-</strong></span> 
     </span>
     <span class='ocr_line' id='line_1_27' title="bbox 144 2403 1182 2489; baseline -0.005 -22"><span class='ocrx_word' id='word_1_177' title='bbox 144 2404 333 2467; x_wconf 90' lang='lat' dir='ltr'><strong>ornationem</strong></span> <span class='ocrx_word' id='word_1_178' title='bbox 350 2405 503 2468; x_wconf 88' lang='lat' dir='ltr'><strong>dividitur.</strong></span> <span class='ocrx_word' id='word_1_179' title='bbox 538 2404 965 2489; x_wconf 53' lang='lat' dir='ltr'><strong>Qffllmdaffltst,</strong></span> <span class='ocrx_word' id='word_1_180' title='bbox 988 2420 1068 2479; x_wconf 86' lang='lat' dir='ltr'><strong>quae</strong></span> <span class='ocrx_word' id='word_1_181' title='bbox 1083 2403 1182 2479; x_wconf 88' lang='lat' dir='ltr'><strong>ipsius</strong></span> 
     </span>
     <span class='ocr_line' id='line_1_28' title="bbox 144 2487 1182 2579; baseline -0.002 -31"><span class='ocrx_word' id='word_1_182' title='bbox 144 2489 294 2550; x_wconf 85' lang='lat' dir='ltr'><strong>sermonis</strong></span> <span class='ocrx_word' id='word_1_183' title='bbox 309 2489 455 2567; x_wconf 81' lang='lat' dir='ltr'><strong>insignita</strong></span> <span class='ocrx_word' id='word_1_184' title='bbox 469 2489 642 2552; x_wconf 86' lang='lat' dir='ltr'><strong>continetur</strong></span> <span class='ocrx_word' id='word_1_185' title='bbox 652 2490 867 2565; x_wconf 89' lang='lat' dir='ltr'><strong>perpolitione.</strong></span> <span class='ocrx_word' id='word_1_186' title='bbox 889 2487 1117 2579; x_wconf 53' lang='lat' dir='ltr'><strong>Qppmpm</strong></span> <span class='ocrx_word' id='word_1_187' title='bbox 1128 2503 1182 2546; x_wconf 91' lang='lat' dir='ltr'><strong>ex-</strong></span> 
     </span>
     <span class='ocr_line' id='line_1_29' title="bbox 143 2571 1183 2659; baseline -0.002 -28"><span class='ocrx_word' id='word_1_188' title='bbox 143 2572 261 2635; x_wconf 89' lang='lat' dir='ltr'><strong>ornatio</strong></span> <span class='ocrx_word' id='word_1_189' title='bbox 277 2584 334 2652; x_wconf 88' lang='lat' dir='ltr'><strong>est,</strong></span> <span class='ocrx_word' id='word_1_190' title='bbox 350 2593 430 2652; x_wconf 91' lang='lat' dir='ltr'><strong>quae</strong></span> <span class='ocrx_word' id='word_1_191' title='bbox 444 2590 507 2637; x_wconf 91' lang='lat' dir='ltr'><strong>non</strong></span> <span class='ocrx_word' id='word_1_192' title='bbox 521 2574 552 2634; x_wconf 93' lang='lat' dir='ltr'><strong>in</strong></span> <span class='ocrx_word' id='word_1_193' title='bbox 567 2573 682 2649; x_wconf 88' lang='lat' dir='ltr'><strong>verbis,</strong></span> <span class='ocrx_word' id='word_1_194' title='bbox 699 2574 755 2655; x_wconf 67' lang='lat' dir='ltr'><strong>sed</strong></span> <span class='ocrx_word' id='word_1_195' title='bbox 769 2573 799 2632; x_wconf 89' lang='lat' dir='ltr'><strong>in</strong></span> <span class='ocrx_word' id='word_1_196' title='bbox 815 2571 1007 2659; x_wconf 58' lang='lat' dir='ltr'><strong>ipsisjrplpps</strong></span> <span class='ocrx_word' id='word_1_197' title='bbox 1018 2571 1183 2647; x_wconf 91' lang='lat' dir='ltr'><strong>quamdam</strong></span> 
     </span>
     <span class='ocr_line' id='line_1_30' title="bbox 141 2640 917 2731; baseline 0.009 -17"><span class='ocrx_word' id='word_1_198' title='bbox 141 2654 234 2717; x_wconf 75' lang='lat' dir='ltr'><strong>nasei</strong></span> <span class='ocrx_word' id='word_1_199' title='bbox 247 2656 433 2731; x_wconf 77' lang='lat' dir='ltr'><strong>dignitatem.</strong></span> <span class='ocrx_word' id='word_1_200' title='bbox 721 2645 829 2721; x_wconf 52' lang='lat' dir='ltr'><strong>”Im</strong></span> <span class='ocrx_word' id='word_1_201' title='bbox 865 2640 917 2672; x_wconf 55' lang='lat' dir='ltr'><strong>“l</strong></span> 
     </span>
    </p>

    <p class='ocr_par' dir='ltr' id='par_1_7' title="bbox 142 2737 1184 3398">
     <span class='ocr_line' id='line_1_31' title="bbox 223 2737 1183 2823; baseline -0.005 -24"><span class='ocrx_word' id='word_1_202' title='bbox 223 2738 272 2800; x_wconf 78' lang='lat'><strong>19.</strong></span> <span class='ocrx_word' id='word_1_203' title='bbox 285 2741 448 2823; x_wconf 63' lang='lat' dir='ltr'><strong>„Repetitio</strong></span> <span class='ocrx_word' id='word_1_204' title='bbox 462 2748 519 2812; x_wconf 88' lang='lat' dir='ltr'><strong>est,</strong></span> <span class='ocrx_word' id='word_1_205' title='bbox 535 2756 628 2815; x_wconf 91' lang='lat' dir='ltr'><strong>quum</strong></span> <span class='ocrx_word' id='word_1_206' title='bbox 640 2739 831 2800; x_wconf 80' lang='lat' dir='ltr'><strong>continenter</strong></span> <span class='ocrx_word' id='word_1_207' title='bbox 842 2741 880 2799; x_wconf 88' lang='lat' dir='ltr'><strong>ab</strong></span> <span class='ocrx_word' id='word_1_208' title='bbox 892 2754 954 2799; x_wconf 91' lang='lat' dir='ltr'><strong>uno</strong></span> <span class='ocrx_word' id='word_1_209' title='bbox 966 2746 1060 2811; x_wconf 86' lang='lat' dir='ltr'><strong>atque</strong></span> <span class='ocrx_word' id='word_1_210' title='bbox 1072 2737 1183 2797; x_wconf 90' lang='lat' dir='ltr'><strong>eodem</strong></span> 
     </span>
     <span class='ocr_line' id='line_1_32' title="bbox 143 2816 1183 2897; baseline -0.001 -19"><span class='ocrx_word' id='word_1_211' title='bbox 143 2822 239 2881; x_wconf 87' lang='lat' dir='ltr'><strong>verbo</strong></span> <span class='ocrx_word' id='word_1_212' title='bbox 254 2821 285 2880; x_wconf 89' lang='lat' dir='ltr'><strong>in</strong></span> <span class='ocrx_word' id='word_1_213' title='bbox 300 2826 393 2883; x_wconf 92' lang='lat' dir='ltr'><strong>rebus</strong></span> <span class='ocrx_word' id='word_1_214' title='bbox 402 2816 559 2884; x_wconf 66' lang='lat' dir='ltr'><strong>‘similibus</strong></span> <span class='ocrx_word' id='word_1_215' title='bbox 574 2830 605 2882; x_wconf 87' lang='lat' dir='ltr'><strong>et</strong></span> <span class='ocrx_word' id='word_1_216' title='bbox 619 2821 751 2882; x_wconf 85' lang='lat' dir='ltr'><strong>diversis</strong></span> <span class='ocrx_word' id='word_1_217' title='bbox 765 2819 917 2897; x_wconf 89' lang='lat' dir='ltr'><strong>principia</strong></span> <span class='ocrx_word' id='word_1_218' title='bbox 932 2825 1108 2889; x_wconf 89' lang='lat' dir='ltr'><strong>sumuntur,</strong></span> <span class='ocrx_word' id='word_1_219' title='bbox 1121 2818 1183 2877; x_wconf 90' lang='lat' dir='ltr'><strong>hoc</strong></span> 
     </span>
     <span class='ocr_line' id='line_1_33' title="bbox 143 2898 1182 2976; baseline -0.003 -14"><span class='ocrx_word' id='word_1_220' title='bbox 143 2903 253 2965; x_wconf 81' lang='lat' dir='ltr'><strong>modo:</strong></span> <span class='ocrx_word' id='word_1_221' title='bbox 284 2904 384 2965; x_wconf 85' lang='lat' dir='ltr'><strong>Vobis</strong></span> <span class='ocrx_word' id='word_1_222' title='bbox 406 2904 490 2965; x_wconf 92' lang='lat' dir='ltr'><strong>istud</strong></span> <span class='ocrx_word' id='word_1_223' title='bbox 511 2903 736 2963; x_wconf 84' lang='lat' dir='ltr'><strong>attribuendum</strong></span> <span class='ocrx_word' id='word_1_224' title='bbox 757 2912 820 2976; x_wconf 88' lang='lat' dir='ltr'><strong>est,</strong></span> <span class='ocrx_word' id='word_1_225' title='bbox 846 2901 936 2962; x_wconf 88' lang='lat' dir='ltr'><strong>vobis</strong></span> <span class='ocrx_word' id='word_1_226' title='bbox 956 2898 1054 2975; x_wconf 81' lang='lat' dir='ltr'><strong>gratia</strong></span> <span class='ocrx_word' id='word_1_227' title='bbox 1068 2907 1115 2959; x_wconf 89' lang='lat' dir='ltr'><strong>est</strong></span> <span class='ocrx_word' id='word_1_228' title='bbox 1129 2900 1182 2959; x_wconf 91' lang='lat' dir='ltr'><strong>ha-</strong></span> 
     </span>
     <span class='ocr_line' id='line_1_34' title="bbox 142 2982 1182 3062; baseline -0.002 -16"><span class='ocrx_word' id='word_1_229' title='bbox 142 2986 261 3062; x_wconf 85' lang='lat' dir='ltr'><strong>benda,</strong></span> <span class='ocrx_word' id='word_1_230' title='bbox 285 2985 376 3049; x_wconf 88' lang='lat' dir='ltr'><strong>vobis</strong></span> <span class='ocrx_word' id='word_1_231' title='bbox 391 2987 451 3049; x_wconf 89' lang='lat' dir='ltr'><strong>ista</strong></span> <span class='ocrx_word' id='word_1_232' title='bbox 463 3002 515 3045; x_wconf 88' lang='lat' dir='ltr'><strong>res</strong></span> <span class='ocrx_word' id='word_1_233' title='bbox 531 2984 587 3045; x_wconf 88' lang='lat' dir='ltr'><strong>erit</strong></span> <span class='ocrx_word' id='word_1_234' title='bbox 600 2984 721 3046; x_wconf 91' lang='lat' dir='ltr'><strong>honori.</strong></span> <span class='ocrx_word' id='word_1_235' title='bbox 755 2986 847 3045; x_wconf 80' lang='lat' dir='ltr'><strong>item:</strong></span> <span class='ocrx_word' id='word_1_236' title='bbox 874 2982 979 3059; x_wconf 80' lang='lat' dir='ltr'><strong>Scipio</strong></span> <span class='ocrx_word' id='word_1_237' title='bbox 992 2982 1182 3044; x_wconf 88' lang='lat' dir='ltr'><strong>Numantiam</strong></span> 
     </span>
     <span class='ocr_line' id='line_1_35' title="bbox 144 3065 1183 3148; baseline -0.004 -17"><span class='ocrx_word' id='word_1_238' title='bbox 144 3070 280 3146; x_wconf 87' lang='lat' dir='ltr'><strong>sustulit,</strong></span> <span class='ocrx_word' id='word_1_239' title='bbox 304 3069 410 3148; x_wconf 77' lang='lat' dir='ltr'><strong>Scipio</strong></span> <span class='ocrx_word' id='word_1_240' title='bbox 424 3068 642 3143; x_wconf 78' lang='lat' dir='ltr'><strong>Karthaginem</strong></span> <span class='ocrx_word' id='word_1_241' title='bbox 657 3067 785 3142; x_wconf 89' lang='lat' dir='ltr'><strong>delevit,</strong></span> <span class='ocrx_word' id='word_1_242' title='bbox 811 3065 915 3144; x_wconf 91' lang='lat' dir='ltr'><strong>Scipio</strong></span> <span class='ocrx_word' id='word_1_243' title='bbox 930 3082 1039 3145; x_wconf 88' lang='lat' dir='ltr'><strong>paoem</strong></span> <span class='ocrx_word' id='word_1_244' title='bbox 1053 3065 1183 3143; x_wconf 89' lang='lat' dir='ltr'><strong>peperit,</strong></span> 
     </span>
     <span class='ocr_line' id='line_1_36' title="bbox 144 3151 1182 3230; baseline -0.006 -15"><span class='ocrx_word' id='word_1_245' title='bbox 144 3153 248 3230; x_wconf 89' lang='lat' dir='ltr'><strong>Scipio</strong></span> <span class='ocrx_word' id='word_1_246' title='bbox 264 3154 418 3217; x_wconf 90' lang='lat' dir='ltr'><strong>civitatem</strong></span> <span class='ocrx_word' id='word_1_247' title='bbox 433 3152 577 3217; x_wconf 84' lang='lat' dir='ltr'><strong>servavit.</strong></span> <span class='ocrx_word' id='word_1_248' title='bbox 610 3154 700 3213; x_wconf 83' lang='lat' dir='ltr'><strong>Item:</strong></span> <span class='ocrx_word' id='word_1_249' title='bbox 722 3152 767 3212; x_wconf 85' lang='lat' dir='ltr'><strong>Tu</strong></span> <span class='ocrx_word' id='word_1_250' title='bbox 781 3151 811 3213; x_wconf 92' lang='lat' dir='ltr'><strong>in</strong></span> <span class='ocrx_word' id='word_1_251' title='bbox 827 3154 927 3213; x_wconf 86' lang='lat' dir='ltr'><strong>forum</strong></span> <span class='ocrx_word' id='word_1_252' title='bbox 940 3152 1075 3229; x_wconf 89' lang='lat' dir='ltr'><strong>prodire,</strong></span> <span class='ocrx_word' id='word_1_253' title='bbox 1090 3159 1122 3211; x_wconf 94' lang='lat' dir='ltr'><strong>tu</strong></span> <span class='ocrx_word' id='word_1_254' title='bbox 1136 3153 1182 3210; x_wconf 90' lang='lat' dir='ltr'><strong>lu-</strong></span> 
     </span>
     <span class='ocr_line' id='line_1_37' title="bbox 144 3234 1184 3316; baseline -0.01 -17"><span class='ocrx_word' id='word_1_255' title='bbox 144 3255 210 3299; x_wconf 89' lang='lat' dir='ltr'><strong>cem</strong></span> <span class='ocrx_word' id='word_1_256' title='bbox 232 3238 429 3316; x_wconf 88' lang='lat' dir='ltr'><strong>conspicere,</strong></span> <span class='ocrx_word' id='word_1_257' title='bbox 454 3249 487 3301; x_wconf 91' lang='lat' dir='ltr'><strong>tu</strong></span> <span class='ocrx_word' id='word_1_258' title='bbox 507 3237 538 3299; x_wconf 91' lang='lat' dir='ltr'><strong>in</strong></span> <span class='ocrx_word' id='word_1_259' title='bbox 558 3237 891 3313; x_wconf 81' lang='lat' dir='ltr'><strong>horumconspeetum</strong></span> <span class='ocrx_word' id='word_1_260' title='bbox 911 3235 1018 3297; x_wconf 88' lang='lat' dir='ltr'><strong>venire</strong></span> <span class='ocrx_word' id='word_1_261' title='bbox 1039 3234 1184 3296; x_wconf 78' lang='lat' dir='ltr'><strong>conarist</strong></span> 
     </span>
     <span class='ocr_line' id='line_1_38' title="bbox 144 3316 1181 3398; baseline -0.013 -16"><span class='ocrx_word' id='word_1_262' title='bbox 144 3322 241 3383; x_wconf 88' lang='lat' dir='ltr'><strong>audes</strong></span> <span class='ocrx_word' id='word_1_263' title='bbox 251 3324 380 3386; x_wconf 86' lang='lat' dir='ltr'><strong>verbum</strong></span> <span class='ocrx_word' id='word_1_264' title='bbox 392 3325 515 3385; x_wconf 80' lang='lat' dir='ltr'><strong>laceret</strong></span> <span class='ocrx_word' id='word_1_265' title='bbox 529 3321 627 3384; x_wconf 89' lang='lat' dir='ltr'><strong>audes</strong></span> <span class='ocrx_word' id='word_1_266' title='bbox 638 3321 806 3398; x_wconf 87' lang='lat' dir='ltr'><strong>quidquam</strong></span> <span class='ocrx_word' id='word_1_267' title='bbox 818 3321 857 3382; x_wconf 87' lang='lat' dir='ltr'><strong>ab</strong></span> <span class='ocrx_word' id='word_1_268' title='bbox 868 3320 936 3382; x_wconf 90' lang='lat' dir='ltr'><strong>istis</strong></span> <span class='ocrx_word' id='word_1_269' title='bbox 947 3324 1074 3397; x_wconf 77' lang='lat' dir='ltr'><strong>peteret</strong></span> <span class='ocrx_word' id='word_1_270' title='bbox 1085 3316 1181 3375; x_wconf 89' lang='lat' dir='ltr'><strong>audes</strong></span> 
     </span>
    </p>
   </div>
   <div class='ocr_carea' id='block_1_3' title="bbox 146 3397 1183 3544">
    <p class='ocr_par' dir='ltr' id='par_1_8' title="bbox 146 3397 1183 3544">
     <span class='ocr_line' id='line_1_39' title="bbox 146 3397 1183 3544; baseline -0.039 -60"><span class='ocrx_word' id='word_1_271' title='bbox 146 3406 329 3483; x_wconf 68' lang='lat' dir='ltr'><strong>Supplicium</strong></span> <span class='ocrx_word' id='word_1_272' title='bbox 354 3404 535 3483; x_wconf 79' lang='lat' dir='ltr'><strong>deprecarit</strong></span> <span class='ocrx_word' id='word_1_273' title='bbox 561 3403 639 3479; x_wconf 81' lang='lat' dir='ltr'><strong>Quid</strong></span> <span class='ocrx_word' id='word_1_274' title='bbox 665 3414 712 3466; x_wconf 90' lang='lat' dir='ltr'><strong>est</strong></span> <span class='ocrx_word' id='word_1_275' title='bbox 754 3405 839 3481; x_wconf 88' lang='lat' dir='ltr'><strong>quod</strong></span> <span class='ocrx_word' id='word_1_276' title='bbox 863 3403 976 3544; x_wconf 49' lang='lat' dir='ltr'><strong>possbis*</strong></span> <span class='ocrx_word' id='word_1_277' title='bbox 995 3397 1183 3459; x_wconf 79' lang='lat' dir='ltr'><strong>detenderet</strong></span> 
     </span>
    </p>
   </div>
   <div class='ocr_carea' id='block_1_4' title="bbox 0 0 1292 3892">
    <p class='ocr_par' dir='ltr' id='par_1_9' title="bbox 0 0 1292 3892">
     <span class='ocr_line' id='line_1_40' title="bbox 0 0 1292 3892; baseline 0 0"><span class='ocrx_word' id='word_1_278' title='bbox 0 0 1292 3892; x_wconf 95' lang='lat' dir='ltr'><strong> </strong></span> 
     </span>
    </p>
   </div>
  </div>
 </body>
</html>
