2575 3892
124 221 167 276 35
368 211 485 271 LIBER
500 213 522 270 l.
547 212 629 270 CAP.
644 220 757 274 tta-39
778 225 804 286 s.
819 219 939 276 ot-tr.
1115 210 1176 274 137

126 366 383 443 Epaminondam
407 363 621 424 Thebanorum
647 363 877 438 imperatorem,
907 380 999 439 quam
1020 362 1176 425 uictoriae

126 450 352 510 Thebanorum
366 448 530 508 consulere
545 445 668 508 decuit?
682 446 761 520 Quid
774 447 856 506 hune
868 457 951 507 tanta
961 448 1175 508 Thebanorum

128 532 251 610 gloria,
275 541 338 593 tarn
358 533 441 591 claro
463 538 556 605 atque
571 532 719 592 exornato
733 539 861 605 tropaeo
877 530 977 590 carius
992 539 1083 605 atque
1098 531 1174 591 anti-

131 617 232 693 quius
246 615 361 675 habere
376 613 542 675 convenit?
568 612 689 689 Seripto
707 613 850 674 videlieet
863 612 942 687 legis
958 612 1073 677 omisso
1099 612 1175 674 seri-

130 698 236 775 ptoris
251 697 433 759 sententiam
448 697 647 758 considerare
662 696 803 756 debebat.
825 698 867 756 At
881 695 941 756 hoo
957 694 1081 770 quidem
1097 697 1173 758 satis

132 781 367 843 consideratum
382 790 439 854 est,
461 782 574 840 nullam
589 794 662 841 esse
676 780 776 855 legem
790 777 850 840 nisi
864 778 909 840 rei
924 778 1067 853 publicae
1083 794 1177 839 rausa

131 865 293 939 scriptam.
330 863 485 926 Summam
500 863 591 944 igitur
605 862 769 924 amentiam
783 879 855 923 esse
871 861 1076 935 existimabat,
1092 862 1176 939 quod

133 949 286 1024 scripturn
307 955 392 1008 esset
405 946 451 1007 rei
465 946 607 1022 publicae
623 945 732 1007 salutis
748 962 857 1021 eausa,
883 945 916 1005 id
930 961 992 1009 non
1008 961 1048 1005 ex
1061 944 1107 1003 rei
1120 961 1176 1019 pu-

131 1031 237 1092 blicae
251 1033 352 1091 salute
365 1029 568 1107 interpretari.
605 1028 722 1103 Quodsi
737 1031 823 1105 leges
840 1046 948 1090 omnes
963 1029 1003 1089 ad
1017 1027 1176 1088 utilitatem

132 1113 182 1174 rei
203 1113 346 1189 publicae
366 1113 475 1174 reterri
496 1113 656 1187 convenit,
682 1112 732 1172 hie
753 1121 853 1173 autern
869 1111 960 1173 saluti
974 1111 1019 1171 rei
1033 1110 1179 1187 publicae

132 1197 259 1271 proluit,
275 1198 415 1273 prolecto
431 1213 492 1258 non
507 1205 610 1272 potest
624 1197 830 1269 eodempaeto
846 1204 876 1257 et
890 1193 1103 1258 communibus
1116 1194 1177 1253 sor·

133 1279 218 1341 lunis
240 1280 436 1342 consuluisse
450 1289 481 1341 et
494 1279 615 1356 legibus
629 1296 692 1341 non
708 1279 949 1356 obtemperasse.
977 1278 1109 1337 XXXIX.
1126 1274 1176 1338 70,

134 1363 284 1436 Quattuor
308 1373 411 1425 autern
436 1363 575 1439 partibus
601 1371 724 1425 eonstat
744 1361 992 1437 argumentatio,
1009 1378 1104 1436 quum
1125 1370 1178 1420 aut

134 1446 346 1523 proponimus,
365 1455 418 1507 aut
441 1447 633 1507 adsmnimus
659 1445 727 1507 sine
747 1446 983 1520 approbatione.
1017 1446 1052 1504 ld
1073 1446 1176 1505 faeere

136 1536 268 1601 oportet,
285 1545 380 1603 quum
393 1538 446 1588 aut
460 1528 631 1603 propositio
647 1546 686 1589 ex
701 1544 736 1587 se
746 1527 923 1603 intelligitur
937 1536 990 1588 aut
1001 1527 1178 1601 adsumptio

136 1609 307 1686 perspicua
321 1619 369 1670 est
383 1618 414 1670 et
427 1610 541 1671 nullius
556 1609 790 1686 approbationis
804 1609 929 1685 indiget.
951 1609 1176 1685 Propositionis

138 1692 364 1768 approbatione
379 1693 560 1769 praeterita,
587 1692 731 1768 quattuor
746 1709 786 1753 ex
799 1694 939 1769 partibus
953 1692 1177 1769 argumentatio

138 1783 299 1850 pacatur,
318 1776 455 1836 adhunc
470 1777 610 1838 modurn:
625 1777 764 1849 ludices,
790 1776 843 1851 qui
858 1793 898 1837 ex
912 1778 981 1851 lege
994 1775 1084 1836 iurati
1098 1775 1177 1835 iudi·-

138 1860 226 1933 eatis,
243 1860 456 1936 obtemperare
470 1859 591 1935 legibus
606 1859 737 1921 debetis.
758 1858 976 1936 obtemperare
990 1868 1092 1921 autern
1102 1859 1176 1934 legi·

138 1943 197 2004 bus
214 1959 276 2003 non
291 1942 432 2019 potestis,
454 1942 514 2005 nisi
528 1942 569 2016 id,
593 1945 678 2019 quod
693 1943 841 2019 seriptum
856 1943 949 2005 estin
963 1947 1042 2019 lege,
1074 1947 1177 2021 sequi·

138 2026 221 2087 mini.
257 2025 348 2102 Quod
368 2027 449 2088 enirn
470 2027 584 2088 cenius
605 2026 684 2103 legis
699 2027 833 2104 scriptor
845 2027 1053 2089 testimonium
1066 2028 1175 2089 volun·
1259 2050 1261 2059 ,

139 2110 209 2170 tatis
231 2127 306 2171 suae
327 2110 503 2186 relinquere
522 2110 635 2186 potuit,
662 2128 754 2185 quarn
776 2113 860 2188 quod
881 2111 950 2186 ipse
973 2128 1084 2187 magna
1105 2127 1176 2171 eum

140 2208 213 2253 cura
227 2202 320 2269 atque
335 2193 493 2269 diligentia
508 2193 655 2269 scripsit?
674 2193 792 2267 Quodsi
805 2194 923 2255 litterae
934 2213 996 2256 non
1009 2202 1175 2267 exstarent,
1260 2190 1261 2197 ’

139 2291 250 2351 magno
266 2292 361 2351 opere
377 2293 432 2338 eas
445 2277 682 2353 requireremus,
702 2285 737 2337 ut
750 2293 791 2338 ex
804 2276 843 2337 iis
858 2278 1018 2352 scriptoris
1032 2279 1176 2338 voluntas

139 2369 394 2435 cognosceretur;
420 2377 478 2422 nee
492 2369 594 2422 tamen
607 2359 839 2436 Epaminondae
856 2361 1115 2435 permitteremus,
1136 2376 1176 2418 ne

140 2444 166 2504 si
181 2452 267 2504 extra
281 2442 429 2504 iudicium
445 2443 569 2520 quidem
584 2452 684 2518 esset,
705 2453 739 2506 ut
751 2444 779 2505 is
793 2443 885 2505 'nobis
896 2438 1083 2505 ‘sententiam
1097 2443 1175 2518 legis

139 2524 395 2602 interpretaretur,
417 2529 532 2589 nedum
547 2526 737 2588 nuneisturn
748 2524 915 2603 patiamur,
942 2545 1035 2602 quum
1050 2535 1174 2602 praesto

139 2610 188 2668 lex
202 2611 250 2682 sit,
264 2627 327 2671 non
341 2627 445 2686 exeo,
461 2613 547 2687 quod
560 2609 755 2687 apertissime
770 2610 917 2686 seriptum
933 2621 990 2683 est,
1007 2612 1064 2672 sed
1074 2628 1115 2671 ex
1126 2626 1176 2682 eo,

141 2692 222 2763 quod
244 2709 319 2754 suae
335 2709 449 2755 causae
463 2695 621 2765 convenit,
647 2694 810 2770 ‘scriptoris
826 2695 1013 2755 voluntatem
1027 2693 1175 2768 interpre-
1239 2766 1241 2775 Ι

140 2773 205 2831 tari.
239 2774 356 2847 Quodsi
369 2793 438 2849 vos,
454 2777 583 2852 iudices,
598 2777 719 2853 legibus
735 2777 949 2852 obtemperare
964 2776 1084 2837 debetis
1099 2784 1129 2836 et
1143 2774 1176 2834 id

142 2855 241 2915 latere
257 2873 318 2916 non
334 2858 481 2933 potestis,
503 2858 564 2920 nisi
577 2856 624 2933 id,
637 2861 733 2937 ‘quod
748 2859 896 2935 seriptum
910 2871 959 2919 est
973 2858 1004 2918 in
1019 2861 1104 2935 lege,
1126 2874 1174 2918 se·

143 2940 281 3014 quimini,
318 2940 392 3015 quid
414 2956 528 3002 causae
543 2950 591 3003 est
630 2944 704 3018 quin
718 2942 811 3004 istum
825 2951 932 3004 eontra
945 2944 1046 3018 legem
1061 2940 1175 3011 iecisse

140 3021 302 3083 iudicetis?
329 3020 380 3085 71.
395 3023 631 3101 Adsumptionis
646 3033 747 3088 autern
761 3025 986 3104 approbatione
1000 3025 1174 3102 praeterita,

143 3105 360 3182 quadripertita
385 3107 431 3169 sie
452 3108 505 3171 fiet
525 3110 763 3184 argumentatio:
789 3110 847 3185 Qui
869 3127 1093 3186 saepenumero
1114 3127 1174 3170 nos

140 3205 193 3265 per
212 3191 307 3252 fidem
328 3192 516 3266 refellamur,
541 3208 648 3254 eorum
662 3192 792 3255 orationi
807 3195 900 3254 fidem
914 3193 1028 3256 habere
1043 3211 1105 3255 non
1121 3193 1174 3253 de-

139 3271 254 3336 bemus.
291 3274 325 3337 si
347 3275 422 3352 quid
442 3277 523 3337 enim
544 3277 675 3352 perfidia
694 3277 815 3338 illorum
831 3276 1003 3339 detrimenti
1017 3275 1173 3349 acceperi-

140 3372 220 3433 mus,
242 3374 335 3420 nemo
357 3359 414 3420 erit
434 3369 556 3436 praeter
570 3370 693 3422 nosmet
707 3361 811 3435 ipsos,
839 3378 930 3434 quem
945 3361 1010 3420 iure
1025 3368 1174 3418 accusare

140 3440 303 3514 possimus.
317 3446 364 3504 Ae
376 3444 476 3518 primo
490 3443 614 3520 quidem
625 3443 728 3519 deripi
738 3443 967 3505 incommodum
978 3450 1041 3507 est3
1054 3437 1175 3500 iterum,
1236 3502 1242 3509 ,
