2575 3892
307 506 366 555 data
383 507 479 572 gratias
497 506 575 571 egit¹
606 507 675 557 Prid.
693 506 746 558 Kal.
763 505 816 557 Oet.
834 505 919 556 Cicero
936 510 1004 574 apud
1023 525 1087 574 pon-

305 575 385 624 tilioes
398 590 444 640 pro
460 575 529 625 ᾱοηιο
548 574 616 627 dicit.
635 575 732 625 Domus
747 578 773 623 in
783 575 888 635 Palatio,
905 577 1046 627 Tusculana
1061 587 1086 628 et

304 644 439 693 Formiana
454 644 515 694 villa
535 645 643 708 pecunia
661 645 763 710 publiea
780 643 938 693 aedificanda
954 646 1059 698 locatur.
1069 649 1084 680 ⁹
1113 644 1119 651 '

336 713 389 763 lloo
406 727 472 762 anno
489 714 573 763 statim
589 721 648 778 post
665 713 793 763 Ciceronis
809 713 920 762 reditum
934 714 961 763 in
979 716 1086 776 eiusque

303 783 453 831 sententiam
469 782 498 831 tit
520 780 626 843 Sciam,
646 798 679 831 ex
697 798 777 846 eoque
795 783 839 833 lex
854 782 1039 847 promulgatur,
1057 790 1086 831 nt

302 850 423 919 Pompeio
441 866 488 915 per
506 852 705 914 quinquennium
722 859 837 917 potestas
850 851 888 900 rei
904 851 1085 901 frumentariae

301 926 354 970 toto
379 921 440 970 orbe
458 929 581 970 terrarum
600 921 734 973 daretur.⁸
771 924 800 971 ln
818 921 964 984 quindecim
983 920 1084 985 legatis,

302 1002 365 1050 qnos
385 988 461 1039 liuius
480 991 517 1038 rei
538 1003 614 1039 eausa
633 991 770 1054 Pompeius
788 991 838 1039 sibi
856 990 961 1054 legavit,
982 989 1032 1039 fuit
1052 988 1082 1047 Q.

302 1056 397 1119 Cicero,
410 1059 484 1120 isque
496 1060 522 1106 in
534 1074 564 1108 eo
579 1063 691 1125 negotio„
700 1061 726 1107 in
738 1058 882 1108 Sardiniam
891 1059 1021 1122 profectus
1034 1064 1081 1107 est.

231 1112 265 1168 56
302 1124 373 1175 Coss.
407 1128 453 1177 Cn.
473 1128 603 1177 Cornelius
620 1128 740 1178 Lentulus
758 1127 934 1188 Marcellinus,
953 1127 989 1177 L.
1006 1126 1082 1175 Mar·
1117 1115 1151 1167 51

403 1198 456 1244 cias
474 1196 615 1259 Philippus.

332 1263 407 1314 Initio
430 1266 490 1315 anni
509 1265 597 1316 Cicero
619 1265 648 1315 in
670 1272 759 1314 senatu
783 1265 851 1331 agit,
875 1272 904 1312 nt
926 1263 954 1312 P.
973 1263 1080 1313 Lentulo

299 1330 402 1382 Cilioiae
420 1348 521 1398 pronos.
544 1336 674 1399 negotium
690 1334 792 1383 daretur
805 1332 944 1382 Ptolemaei
962 1332 1031 1397 regis
1054 1333 1080 1381 in

298 1416 403 1467 regnum
424 1404 572 1454 reducendi.
607 1403 640 1452 P.
660 1403 758 1454 Sestius
780 1418 797 1451 a
814 1403 850 1453 M.
869 1401 951 1452 'fullio
975 1402 1080 1451 Albino·

297 1485 362 1520 vano
379 1470 437 1535 lege
454 1473 555 1522 Lutetia
574 1472 606 1521 de
624 1474 651 1520 vi
674 1471 819 1536 postulatus
841 1469 987 1520 defenditur
1005 1485 1021 1518 a
1040 1468 1080 1517 Ci-

298 1553 389 1588 cerone
407 1542 521 1590 oratione
539 1553 604 1602 quae
623 1547 722 1598 exstat,
747 1548 771 1588 et
789 1539 938 1588 absolvitur.
975 1538 1003 1586 In
1021 1551 1079 1585 eum

297 1608 416 1656 Vatinius
432 1609 608 1657 testimonium
626 1608 733 1657 dixerat.
755 1608 843 1667 Itaque
855 1606 942 1655 Cicero
956 1612 1080 1669 perpetua

298 1676 495 1737 interrogatione
517 1675 571 1721 eins
591 1673 672 1722 vitam
689 1682 715 1721 et
730 1676 887 1722 tribunatum
906 1673 1077 1735 reprehendit.

299 1740 340 1786 lll.
352 1741 391 1788 Id.
408 1740 483 1787 febr.
496 1739 610 1787 Bestiam
627 1740 742 1789 defendit
762 1740 794 1787 de
811 1741 908 1786 ambitu
926 1745 1079 1786 accusatum.

299 1804 366 1853 Prid.
386 1805 451 1854 Non.
467 1807 532 1867 Apr.
551 1802 659 1853 Tulliam
679 1804 757 1852 filiam
774 1805 850 1853 Furio
872 1804 1016 1867 Crassipedi
1037 1805 1081 1853 de-

299 1874 417 1938 spondet.
455 1870 517 1922 Cum
534 1887 599 1923 anno
617 1873 748 1937 superiore
766 1871 885 1938 prodigia
905 1873 932 1921 in
951 1887 1013 1937 agro
1031 1872 1079 1922 La-

299 1943 399 1993 tiniensi
418 1941 485 1992 faota
504 1949 589 1991 essent
609 1949 633 1991 et
650 1942 799 2006 hnmspiees
819 1956 877 1990 num
895 1940 960 1991 alias
978 1957 1077 2003 causas,

297 2021 350 2062 tum
372 2011 439 2061 hano
460 2009 621 2072 attulissent,
650 2012 719 2074 quod
736 2012 792 2062 loos
808 2026 881 2060 saera
897 2026 944 2076 pro
963 2011 1078 2078 profanis

223 2096 226 2102 ·
295 2081 459 2139 haberentur3
477 2078 580 2131 Clodius
594 2080 684 2131 aedilis
698 2081 725 2129 in
746 2081 864 2130 contione
879 2081 952 2141 dixit,
973 2081 1077 2131 domum

295 2151 423 2201 Ciceronis
449 2150 525 2199 etiam
547 2152 613 2200 iuter
632 2164 663 2198 ea
680 2149 737 2198 loca
753 2164 823 2210 esse,
848 2165 913 2214 qnae
932 2159 1078 2200 consecrata

292 2220 403 2286 profana
419 2219 586 2277 haberentur3
616 2233 666 2280 quo
689 2226 804 2282 tempore
821 2220 902 2268 oratio
921 2234 937 2267 a
957 2217 1077 2270 Cicerone

294 2290 326 2338 tle
334 2288 492 2350 humaniorem
501 2301 623 2350 responso
633 2285 720 2335 liabita
729 2293 777 2336 est.
808 2287 906 2336 Deinde
916 2288 1030 2338 defendit
1041 2289 1073 2338 L.

294 2357 433 2408 Cornelium
449 2355 735 2417 Balbnm'Gaditauum,
754 2369 830 2418 quem
848 2364 980 2405 aecusator
998 2370 1076 2421 nega·

293 2435 363 2477 verat
380 2429 435 2477 iure
455 2427 557 2477 civitate
577 2426 708 2475 donatum.
748 2423 836 2473 Paullo
859 2432 919 2488 post
936 2425 962 2473 in
987 2432 1075 2474 senatu

292 2496 381 2548 habuit
399 2495 539 2546 orationem
552 2495 584 2544 de
597 2495 737 2557 provinciis
758 2493 941 2544 consularibus.
978 2494 1075 2543 Eodem

293 2578 366 2615 anno.
382 2564 497 2615 defendit
515 2563 554 2613 M.
582 2564 691 2614 oaeltwn
710 2564 741 2613 de
764 2578 842 2622 auro,
864 2564 934 2625 quod
955 2578 972 2611 a
987 2561 1075 2613 Clodia

293 2634 442 2699 sumpsisse,
462 2640 486 2682 et
505 2633 537 2683 de
554 2646 667 2693 veneno,
686 2631 755 2697 qnod
773 2634 797 2682 ei
813 2646 919 2697 parasse
935 2631 1074 2693 dicebatur,

293 2711 445 2754 aecusatum.

303 2830 306 2835 y
328 2770 688 2829 C.InliusCaesar,e1eroitn
703 2771 731 2821 in
744 2770 858 2820 hibernis
873 2770 1007 2828 collocato,
1023 2768 1074 2816 dis-

215 2900 218 2903 ,
295 2841 385 2890 oedens
406 2842 434 2891 in
455 2839 554 2889 Italiam
575 2841 659 2891 Lunae
683 2839 788 2889 hiemat.
824 2838 861 2886 Eo
881 2837 1032 2899 Pompeium
1050 2841 1075 2883 et

296 2907 413 2958 Crassum
430 2916 512 2969 vocat,
533 2924 590 2958 oum
610 2911 694 2971 iisque
712 2906 859 2971 paeisoitur‚
876 2912 904 2951 ut
921 2904 996 2951 ambo
1015 2914 1074 2951 oon·

294 2979 403 3028 sulatum
419 2978 525 3029 alterum
542 2984 643 3041 petant,
663 2984 689 3023 et
705 2975 755 3022 lnao
770 2973 868 3020 ratione
883 2971 914 3021 L.
932 2969 1074 3020 Domitium

294 3050 426 3099 eonsnlatu
444 3046 594 3106 detrudant,
614 3044 658 3107 qni
676 3043 787 3093 minatus
805 3046 859 3089 erat
875 3054 918 3099 se,
942 3040 966 3090 si
984 3040 1074 3090 consul

293 3118 374 3169 faetus
392 3126 467 3180 esset,
485 3116 587 3167 Caesari
605 3112 733 3162 exereitus
749 3111 934 3174 adempturum.

127 3173 180 3229 699
223 3177 257 3228 ⁵⁶
294 3186 364 3238 Coss.
393 3188 438 3238 Cn.
456 3186 590 3247 Pelopeius
607 3183 719 3246 Magnas
736 3178 787 3242 IL,
807 3179 847 3230 M.
866 3179 977 3228 Licinius
996 3177 1074 3227 Cras·
1109 3170 1144 3222 52

343 3300 345 3303 .
395 3272 439 3305 aas
458 3254 497 3304 II.

321 3419 341 3469 1)
357 3417 385 3457 nd
400 3420 447 3459 stt.
458 3416 496 3461 lv.
512 3417 533 3460 1.
546 3426 587 3468 pro
602 3414 663 3459 Sest.
676 3412 710 3457 63.
727 3413 750 3453 ln
764 3412 868 3453 Pisonem
882 3411 917 3455 22.
945 3413 968 3462 a>
983 3407 1072 3450 addit.

292 3470 402 3517 1v‚2.a.
433 3471 455 3524 3)
470 3469 499 3509 ad
513 3471 562 3514 stt.
578 3468 615 3511 lv.
632 3470 653 3512 l.
