2575 3892
401 328 906 477 nnuturucruouu

491 525 824 591 RHETORIUORUM

551 658 747 711 LlBRlDUO

521 777 613 850 QUI
647 777 788 837 SUNT

631 913 673 962 DE

206 1028 633 1126 intensione
684 1027 1097 1125 nntronlel.

484 1190 618 1299 risun
640 1184 822 1285 rmuusss
916 1200 918 1207 “

216 1358 238 1415 l.
261 1354 290 1418 1.
307 1354 409 1430 Saepe
423 1362 454 1416 et
467 1357 595 1427 multum
609 1356 669 1416 hoc
683 1370 805 1420 mecum
820 1352 968 1430 cogitavi,
996 1351 1111 1414 bonine
1131 1370 1170 1414 an

132 1437 207 1497 mali
226 1441 296 1513 plus
317 1439 451 1499 attulerit
462 1439 639 1500 hominibus
654 1447 685 1499 et
699 1438 874 1500 civitatibus
889 1437 981 1513 copia
995 1435 1119 1499 dicendi
1133 1454 1171 1496 ac

133 1537 287 1581 summum
311 1521 507 1595 eloquentiae
531 1522 675 1583 studium.
709 1523 786 1581 Nam
812 1538 906 1596 quum
932 1529 962 1580 et
981 1529 1106 1582 nostrae
1125 1520 1173 1580 rei
1247 1532 1274 1543 '²

133 1603 279 1679 publicae
299 1603 481 1663 detrimenta
502 1603 667 1663 considero
689 1612 719 1665 et
732 1602 933 1664 maximarum
948 1603 1103 1664 civitatum
1118 1621 1171 1665 ue-

132 1695 218 1746 teres
232 1685 334 1744 animo
350 1685 537 1746 calamitates
553 1685 680 1759 colligo,
702 1701 765 1746 non
780 1687 935 1746 minimam
948 1687 1041 1746 video
1057 1703 1112 1762 per
1126 1685 1171 1746 di-

133 1767 323 1830 sertissimos
337 1767 479 1828 homines
493 1768 645 1828 invectam
657 1777 774 1843 partem
784 1769 1062 1847 incommodorum
1079 1787 1171 1843 quum
1273 1800 1274 1805 κ

133 1861 237 1914 autem
256 1868 308 1912 res
329 1851 369 1910 ab
384 1859 497 1914 nostra
513 1851 663 1913 memoria
682 1860 810 1928 propter
828 1858 1013 1914 vetustatem
1036 1860 1171 1914 remotas
1273 1884 1274 1925 1

133 1951 173 1994 ex
199 1935 366 1996 litterarum
389 1934 596 1996 monumentis
615 1943 757 2011 repetere
777 1935 919 2008 instituo,
945 1936 1056 1998 multas
1077 1936 1172 1998 urbes
1273 1984 1274 2003 t

134 2017 332 2092 constitutas,
359 2016 491 2093 plurima
504 2019 586 2078 bella
598 2019 760 2091 restincta,
788 2018 985 2089 firmissimas,
995 2018 1169 2092 societates,
1273 2026 1274 2067 3

135 2101 346 2162 sanctissimas
366 2101 516 2162 amicitias
536 2100 672 2178 intelligo
694 2121 787 2178 quum
807 2102 901 2163 animi
913 2103 1033 2164 ratione
1047 2111 1111 2165 tum
1127 2103 1171 2162 l·
1273 2108 1274 2111 ’

136 2184 223 2245 cilius
239 2185 415 2261 eloquentia
429 2193 632 2261 comparatas,
654 2188 764 2248 Acme
780 2182 903 2263 quidem
919 2186 972 2247 diu
986 2185 1171 2261 cogitantem
1273 2204 1274 2207 ¹

133 2268 212 2329 ratio
227 2267 298 2343 ipsa
310 2268 342 2328 in
353 2268 432 2347 hane
445 2267 639 2344 potissimum
653 2269 834 2331 sententiam
846 2269 938 2343 ducit,
954 2277 987 2331 ut
998 2269 1170 2331 existimem

135 2350 316 2427 sapientiam
331 2351 398 2412 sine
413 2352 591 2428 eloquentia
603 2369 712 2429 parum
727 2355 878 2429 prodesse
894 2352 1083 2425 civitatium,
1107 2355 1171 2413 elo-
1273 2370 1274 2379 ¹

135 2435 290 2511 quentiam
314 2452 390 2496 vero
416 2435 484 2496 sine
510 2435 663 2512 sapientia
688 2435 814 2499 nimium
841 2436 954 2497 obesse
978 2437 1169 2519 plerumque.
1273 2452 1274 2457 ¹

134 2520 285 2593 prodesse
299 2536 477 2595 numquam.
501 2519 601 2593 Quare
613 2519 641 2580 si
654 2519 732 2596 quis,
749 2519 873 2582 omissis
884 2520 1063 2582 rectissimis
1077 2529 1171 2596 atque
1273 2534 1274 2537 ’

134 2601 362 2663 honestissimis
388 2602 498 2664 studiis
524 2603 652 2664 rationis
679 2612 709 2665 et
735 2604 845 2677 officii,
871 2604 1023 2669 consumit
1048 2620 1171 2666 omnem

136 2700 262 2757 operam
275 2684 307 2743 in
322 2685 542 2746 exercitatione
557 2686 695 2761 dicendi,
711 2686 739 2747 is
753 2687 869 2748 inutilis
885 2686 958 2760 sibi,
974 2687 1170 2762 perniciosus

137 2765 254 2839 patriae
275 2765 353 2826 civis
374 2767 480 2837 alitum
505 2768 557 2843 qui
578 2768 710 2828 vero'ita
724 2776 795 2830 sese
808 2777 905 2830 armat
919 2769 1110 2844 eloquentia,
1137 2779 1172 2830 ut

136 2863 198 2908 non
219 2863 400 2923 oppugnare
420 2852 583 2909 commoda
602 2849 736 2924 patriae,
761 2853 818 2911 sed
837 2866 894 2927 pro
908 2851 957 2910 his
971 2868 1170 2931 propugnare
1273 2850 1274 2879 ³

136 2930 252 3006 possit,
277 2930 306 2990 is
325 2930 400 2991 milri
419 2931 469 2990 vir
488 2940 519 2991 et
533 2932 598 2992 suis
612 2941 643 2993 et
657 2933 790 3009 publicis
804 2933 974 2995 rationibus
988 2934 1169 2998 utilissimus
1273 2966 1274 3013 t

136 3023 227 3090 atque
242 3013 447 3076 amicissimus
463 3013 540 3076 civis
556 3016 621 3077 lore
635 3015 766 3078 videtur.

214 3098 244 3159 2.
266 3101 313 3160 Ac
335 3097 362 3158 si
382 3100 524 3161 volumus
546 3099 637 3162 huius
658 3099 719 3173 rei,
748 3116 827 3176 quae
842 3109 969 3162 vocatur
983 3101 1168 3179 eloquentia,
1273 3098 1274 3165 ἶ

137 3180 202 3242 sive
222 3181 297 3244 artis
319 3181 386 3243 sive
409 3183 502 3244 studii
523 3183 589 3245 sive
610 3183 839 3245 exercitationis
861 3184 1021 3247 cuiusdam
1043 3185 1111 3247 sivo
1125 3188 1170 3245 la·
1273 3184 1274 3249 l

136 3264 255 3326 cultatis
270 3267 309 3326 ab
323 3274 433 3328 natura
446 3267 605 3343 proiectae
619 3267 817 3329 considerare
831 3267 1032 3346 principium,
1053 3264 1170 3342 reperi·
1273 3324 1274 3351 ἦ

136 3363 220 3410 emus
241 3349 274 3410 id
294 3366 334 3423 ex
351 3350 579 3412 honestissimis
595 3350 698 3415 causis
713 3360 816 3415 natum
831 3360 923 3428 atque
939 3348 1063 3427 optimis
1077 3345 1171 3413 ratio-
