2575 3892
478 191 670 253 PROOEMIUM
688 191 845 246 EDITORIS.
1138 209 1185 253 vll

133 369 186 415 aa,
210 352 280 416 quod
303 349 380 415 volgo
407 346 465 397 ante
487 361 567 411 cepae
588 346 734 413 legebatur,
752 361 803 397 non
820 354 973 413 agnoscant,
997 346 1145 396 aliiautem
1160 347 1186 395 ri

136 425 197 475 eins
215 422 270 471 loco
288 419 408 477 habeant,
427 417 640 469 verisimillimum
650 423 697 476 est,
708 430 774 478 qnae
791 416 818 465 in
833 416 938 479 reliquis
950 416 1072 469 membris
1090 416 1185 480 scripta

138 500 194 550 est,
218 506 249 540 ne
269 487 420 553 particulam
442 495 500 550 post
524 502 603 552 aequa
623 485 791 536 oblitteratam
813 499 879 537 esse.
909 485 943 538 V.
964 485 1042 535 etiam
1059 484 1185 549 Madiipii

138 560 232 623 orme.
250 558 398 607 Acadsatt.
416 570 443 622 p.
460 551 517 615 lot,
537 571 560 608 c.
572 553 615 607 lo.
632 555 659 616 §.
671 550 715 605 24.
734 553 1027 618 componderatum,
1045 555 1072 603 in
1090 554 1183 616 quibus

138 643 229 688 omnes
246 627 395 684 Leidenses,
414 626 536 689 scriptum
555 624 689 676 exhibent:
707 636 788 689 pacare
805 636 853 671 nan
868 623 1033 684 impmdentia
1050 637 1079 672 aa
1097 623 1185 686 desen·

136 699 194 755 det,
211 697 257 747 aed
272 697 347 758 mtpa
364 695 537 746 matcrdmbit
549 709 695 758 personam,
714 706 780 755 quae
797 691 921 755 scriptura
937 705 984 755 per
1001 706 1030 741 sc
1047 690 1184 751 difficilior,

141 780 219 828 quam
236 765 339 830 volgata
357 765 430 814 lectio
445 764 618 817 contaminabit
634 763 676 815 vel
693 759 909 819 contaminabitur,
925 767 1060 827 propterea
1072 759 1134 808 mihi
1146 761 1184 809 vi-

141 834 215 885 detur
229 833 366 884 reiicisnda
383 847 434 882 non
450 847 516 893 esse,
535 833 604 896 quod
620 833 643 882 si
658 846 801 895 perronam,
820 829 913 878 usitata
926 843 996 878 more
1007 841 1054 893 per
1066 842 1184 893 compen-

142 903 212 953 dium
227 905 348 967 sariptum
366 909 430 960 erat.
448 901 522 952 facile
540 901 657 952 excidere
672 901 764 965 potuit.
782 914 804 952 c.
819 895 862 950 18.
874 899 899 961 §.
912 894 956 950 27.
974 896 1107 961 rescripsi:
1126 897 1186 960 qaid

136 987 238 1037 quoque
255 973 308 1022 loco
323 971 474 1033 dixerimus,
494 971 563 1034 quod
578 970 639 1020 olim
656 969 788 1034 legebatur
805 976 830 1017 et
844 968 871 1018 in
887 968 961 1025 bonis
978 966 1050 1017 libris
1068 964 1183 1016 habetur.

140 1041 207 1091 Nam
225 1054 321 1106 quoquo
338 1040 407 1102 qaod
421 1053 502 1103 nuper
516 1039 649 1092 ediderunt
663 1053 745 1100 nequo
760 1052 776 1086 a
790 1037 914 1087 sententia
925 1051 1007 1103 neque
1019 1036 1051 1085 ab
1063 1034 1185 1085 librorum

140 1111 291 1160 auctoritate
307 1109 369 1159 satis
389 1107 542 1161 defenditur.
563 1124 586 1160 c.
600 1104 642 1161 19.
655 1108 679 1169 §.
691 1103 736 1159 29.
750 1106 855 1170 scripsi:
876 1105 964 1155 Veram
977 1106 1140 1167 fortissimam
1150 1127 1184 1139 -

138 1179 235 1228 iniuria
257 1178 410 1237 laeserimus,
437 1179 478 1227 ara
499 1178 677 1228 scameratam
691 1177 716 1225 si
729 1175 799 1226 borio
815 1174 928 1238 medus,
950 1188 1053 1233 noceas,
1072 1173 1185 1224 concedas

140 1248 182 1298 ari
197 1248 316 1309 peccati„
334 1246 470 1296 insidiosus
486 1247 605 1308 inimicam
622 1247 763 1296 inmanem
780 1259 835 1296 ecce
853 1246 943 1304 noluit,
968 1245 1009 1293 cui
1026 1244 1124 1292 tardem
1138 1242 1185 1290 dac

136 1317 227 1367 miram
245 1315 385 1366 ridebitur?
417 1315 480 1364 Nam
501 1329 656 1379 quamquam
678 1315 704 1364 in
721 1313 845 1379 particula
867 1314 892 1363 si
915 1319 972 1363 oute
992 1311 1062 1362 dromo
1085 1312 1185 1360 adiecta

140 1383 315 1435 tantammodo
331 1383 600 1448 commaneamus
618 1400 662 1449 ap.
679 1383 846 1443 Gronovium,
866 1391 919 1432 tum
931 1382 1073 1432 Vossianus
1090 1380 1120 1431 Π.
1140 1393 1183 1444 ap.

142 1451 305 1517 Oudendorp.
325 1468 382 1504 cum
400 1453 442 1507 sd.
460 1452 561 1506 Mediol.
580 1454 734 1519 conspirant,
751 1462 837 1501 tamen
853 1451 979 1501 eiusmodi
995 1452 1044 1500 ista
1061 1451 1185 1513 scriptura

140 1529 189 1581 est,
208 1528 237 1570 nt
253 1535 304 1570 nou
317 1523 348 1572 ab
361 1521 552 1586 interpolatione
564 1523 663 1573 adiecta
678 1537 736 1571 esse
748 1521 871 1585 videatur,
890 1521 1040 1584 praesertim
1056 1519 1105 1569 isto
1118 1518 1184 1568 loco.

140 1589 207 1639 iliud
224 1597 309 1640 autem
326 1597 431 1654 apparet
449 1605 480 1641 ca
498 1590 647 1655 interposita
661 1591 712 1639 loci
730 1589 922 1652 intelligentiam
938 1587 1076 1637 admodum
1094 1586 1184 1634 iuvari.

139 1672 166 1709 a.
183 1656 228 1708 11.
246 1659 272 1717 5.
287 1653 333 1707 33.
350 1658 421 1706 edidi
436 1657 468 1704 de
486 1656 605 1709 Gronovii
626 1659 763 1715 sententia,
786 1658 831 1717 qui
849 1657 882 1704 ad
897 1657 941 1707 lib.
960 1655 991 1707 11.
1011 1671 1033 1708 o.
1052 1652 1078 1705 9.
1096 1657 1120 1715 S.
1141 1649 1184 1704 13.

142 1732 212 1772 recte
230 1723 333 1771 deloco
352 1724 505 1783 disputavit,
529 1726 553 1771 ai
569 1738 629 1787 quoa
646 1731 825 1784 praeterquam
840 1725 883 1769 ille
900 1723 995 1781 dixerit
1008 1723 1121 1783 potuis-se
1136 1728 1185 1771 etc.

143 1790 211 1836 Nam
224 1794 363 1848 praeterea
380 1802 454 1850 quam
468 1802 556 1837 verum
573 1804 626 1838 nou
644 1805 701 1838 esse
717 1788 776 1836 inde
794 1797 908 1851 apparet,
925 1788 1037 1850 quadiu
1054 1788 1186 1850 permultis

145 1856 216 1906 libris
240 1855 347 1922 legitor:
367 1861 477 1918 praeter
499 1870 543 1907 eos
564 1870 626 1922 paor
642 1855 683 1907 rei
700 1862 810 1919 praeter
825 1870 869 1910 eoa
885 1871 967 1920 qaam.
996 1870 1018 1907 c.
1037 1854 1080 1908 22.
1097 1857 1122 1916 §-
1141 1852 1185 1905 34.

144 1925 305 1977 scribendum
323 1932 377 1974 erat
394 1925 489 1974 omissa
505 1940 561 1974 cum
583 1926 654 1977 libris
670 1933 696 1976 et
711 1925 849 1990 partienda:
871 1923 1008 1975 [reuersae
1021 1939 1101 1988 porro
1118 1925 1186 1988 eapi-

69 2019 72 2024 ·
140 1995 236 2048 ditatae
250 1995 374 2057 infinitae,
393 1995 569 2047 immderutae
582 2002 648 2050 aare
683 1994 726 2045 Sic
742 1995 809 2046 enim
825 2009 872 2060 per
885 1996 1025 2061 asyndeton
1044 1995 1186 2060 explicave-

142 2072 201 2113 runt
216 2062 277 2113 talia
312 2079 343 2113 on
361 2064 443 2114 solum
461 2066 627 2129 grammatici,
644 2080 733 2116 verum
749 2065 804 2129 ipsc
817 2062 914 2124 Cicero,
934 2078 1009 2126 quem
1021 2065 1080 2114 vide
1097 2065 1129 2114 de
1145 2079 1186 2114 ae·

141 2139 206 2183 nect.
225 2130 267 2196 11,
279 2079 323 2185 31.
343 2132 408 2182 Nam
424 2149 485 2198 quos
497 2136 534 2184 ait
542 2135 665 2187 Caecilius
680 2135 784 2184 canticos
801 2135 888 2187 stauos
901 2149 982 2193 senes,
1000 2133 1045 2184 dos
1062 2136 1187 2198 sipnificat

138 2201 273 2260 credulos,
290 2203 433 2262 obliviosae,
453 2203 593 2257 desolatas.
627 2204 692 2254 Tum
709 2205 735 2257 in
754 2204 867 2253 versibus
884 2203 971 2261 Ennii,
991 2218 1054 2266 quos
1073 2204 1185 2253 laudavit

144 2271 176 2320 de
194 2271 251 2318 eius
269 2269 359 2320 Medea
376 2269 471 2331 Cicero,
483 2275 525 2323 ita
541 2281 642 2325 secutus
658 2288 715 2327 sum
732 2273 839 2336 optimos
858 2280 883 2320 et
898 2271 1021 2337 plurimos
1040 2271 1131 2335 libros,
1158 2285 1185 2320 ut

142 2340 228 2402 priore
252 2337 307 2389 loco
330 2341 477 2393 scriberem:
498 2341 563 2392 Nam
585 2358 709 2407 nunquam
725 2340 789 2391 bera
803 2356 897 2392 erraras
914 2356 968 2390 ntea
986 2342 1056 2393 domo
1075 2343 1186 2406 ecferret

136 2408 230 2470 pedem
242 2444 326 2461 .....
346 2410 440 2461 omisso
455 2425 540 2470 versu,
558 2426 634 2474 quem
650 2411 727 2477 volgo
745 2411 856 2462 addunt:
874 2410 979 2470 Medea,
998 2413 1079 2461 anima
1094 2426 1183 2474 repra,

142 2490 228 2526 artare
238 2490 314 2527 coevo
324 2480 421 2541 raama,
437 2481 576 2542 posteriore
593 2489 678 2530 autam
690 2479 745 2530 loco
758 2481 877 2530 adderem
887 2495 944 2530 cum
956 2480 1026 2530 libris
1039 2480 1082 2529 iila
1094 2480 1183 2529 verba:

80 2583 84 2599 .
113 2554 117 2561 ⁴
147 2545 245 2596 amam
262 2561 293 2595 re
308 2545 372 2597 dero
388 2563 481 2599 errans
495 2564 552 2599 mea
570 2549 639 2601 domo
656 2550 766 2613 ecferret
779 2550 877 2612 podera,
895 2548 991 2599 Medea
1002 2550 1081 2599 aniam
1094 2564 1183 2614 repra,

117 2622 122 2631 ⁴
140 2629 319 2667 amarescere
335 2619 433 2669 raama.
468 2615 587 2667 Similiter
608 2634 638 2668 eo
657 2619 712 2668 loco
731 2633 793 2667 usus
810 2626 849 2668 est
867 2617 918 2670 Gir.
935 2632 984 2680 pro
1004 2618 1072 2667 Cael.
1091 2615 1116 2676 8,
1138 2615 1177 2666 18.

145 2698 167 2733 c.
187 2680 231 2735 23.
249 2683 274 2743 S.
294 2679 336 2737 36.
354 2687 446 2751 scripsi
460 2687 493 2739 de
510 2686 595 2739 Orellii
612 2688 771 2737 coniectura:
795 2689 837 2752 qui
853 2693 944 2739 contra
961 2686 1074 2736 Fortuna
1097 2693 1185 2750 repent

144 2752 268 2801 miseriam
285 2767 341 2803 erac
357 2756 440 2815 allam,
459 2770 505 2820 pm
523 2755 625 2823 volgato
643 2757 786 2815 Fortunae,
800 2755 870 2819 quod
886 2755 960 2806 facile
977 2756 1072 2806 incuria
1091 2755 1185 2804 descri-

146 2819 229 2866 bentis
245 2823 315 2873 nasci
332 2825 422 2885 potuit.
453 2839 476 2873 o.
494 2821 536 2874 24.
553 2827 577 2886 s.
595 2821 639 2877 38.
664 2841 721 2874 cum
744 2825 815 2876 libris
837 2839 919 2888 paene
943 2825 1060 2873 omnibus
1078 2824 1184 2886 scripsi:

141 2883 178 2934 'Sl'
191 2883 286 2947 1110113
304 2896 350 2946 θεέ,
368 2893 493 2953 colmanni,
511 2908 557 2958 pro
568 2896 669 2961 volgato
688 2903 713 2944 te
730 2895 817 2946 locam.
837 2892 959 2942 Absolute
974 2892 1040 2940 euim
1051 2896 1186 2953 propterea

140 2954 266 3004 collocavi
281 2957 343 3020 poni
358 2967 472 3025 poterat,
490 2963 559 3024 quod
577 2964 663 3013 statim
681 2963 787 3013 dicitur:
811 2962 851 3010 sair
869 2966 909 3008 est
923 2957 1060 3021 mprobus,
1079 2958 1185 3009 divortio

140 3030 170 3072 te
187 3022 298 3075 liberabo
316 3026 478 3089 decoramentis,
496 3045 561 3094 quae
578 3033 655 3084 rerba
670 3030 795 3094 loquentis
807 3029 946 3081 orationem
958 3027 1088 3082 adiuvant.
1105 3044 1127 3079 o.
1141 3027 1184 3080 26.

146 3092 170 3153 S.
182 3088 227 3145 42.
243 3096 361 3145 revocavi
380 3099 491 3149 omnium
508 3114 589 3164 paene
605 3101 727 3153 librorum
739 3099 902 3162 scripturam:
920 3113 986 3163 quae
1004 3113 1049 3162 epo
1066 3100 1187 3159 profiteor

143 3175 201 3210 ease
217 3177 286 3213 mea:
301 3176 338 3213 me
355 3181 459 3232 aequam
474 3176 513 3219 est
525 3169 581 3232 frmi
595 3176 653 3228 eta,
673 3170 704 3219 de
722 3168 839 3231 quoiam
857 3166 998 3217 Gronovius
1017 3173 1083 3215 recte
1101 3166 1187 3214 existi·

147 3238 267 3284 moverat.
285 3230 376 3284 Postea
395 3252 428 3291 ex
446 3237 567 3289 librorum
586 3239 738 3301 optimorum
750 3239 897 3286 auctoritate
909 3234 995 3285 edidi:
1013 3241 1102 3284 matra
1113 3242 1187 3297 atque

141 3304 203 3351 ante
222 3301 326 3353 dicerit.
344 3303 411 3354 Vide
430 3307 536 3357 θνοπου.
556 3307 589 3356 ad
606 3305 651 3357 lib.
665 3305 696 3357 II.
714 3321 736 3357 c.
751 3303 777 3357 9.
794 3306 819 3365 S.
833 3303 875 3355 13.
897 3304 929 3353 de
944 3302 994 3351 bac
1010 3318 1038 3351 re
1057 3302 1187 3364 disputan-

146 3374 206 3418 tem.
231 3385 252 3421 c.
271 3367 314 3422 27.
327 3372 358 3432 ·§.
376 3370 421 3426 43.
440 3375 561 3424 librorum
575 3388 657 3438 paene
676 3375 787 3422 omnium
802 3373 974 3423 testimonium
992 3385 1033 3418 me
1050 3369 1137 3425 movit,
1160 3374 1188 3412 ut

141 3448 306 3500 reponerem:
325 3455 428 3504 quoram
444 3445 615 3495 controversia
633 3457 705 3506 paron
716 3440 748 3491 de
759 3443 851 3489 remica
868 3439 969 3488 inducta
986 3445 1036 3494 est,
1054 3434 1188 3495 disputatio
