<?xml version="1.0" encoding="UTF-8"?>
<!DOCTYPE html PUBLIC "-//W3C//DTD XHTML 1.0 Transitional//EN"
    "http://www.w3.org/TR/xhtml1/DTD/xhtml1-transitional.dtd">
<html xmlns="http://www.w3.org/1999/xhtml" xml:lang="en" lang="en">
 <head>
  <title>
</title>
<meta http-equiv="Content-Type" content="text/html;charset=utf-8" />
  <meta name='ocr-system' content='tesseract 3.04.00' />
  <meta name='ocr-capabilities' content='ocr_page ocr_carea ocr_par ocr_line ocrx_word'/>
</head>
<body>
  <div class='ocr_page' id='page_1' title='image "./mtulliiciceroni00friegoog_0047.png"; bbox 0 0 2575 3892; ppageno 0'>
   <div class='ocr_carea' id='block_1_1' title="bbox 235 168 831 313">
    <p class='ocr_par' dir='ltr' id='par_1_1' title="bbox 235 168 831 313">
     <span class='ocr_line' id='line_1_1' title="bbox 235 168 831 313; baseline -0.03 -47"><span class='ocrx_word' id='word_1_1' title='bbox 235 168 666 313; x_wconf 36' lang='lat' dir='ltr'><strong>&#39;a17atnuff23&#39;ffiNN0S</strong></span> <span class='ocrx_word' id='word_1_2' title='bbox 684 199 831 251; x_wconf 78' lang='lat' dir='ltr'><strong>otous&#39;m.</strong></span> 
     </span>
    </p>
   </div>
   <div class='ocr_carea' id='block_1_2' title="bbox 62 496 1158 2950">
    <p class='ocr_par' dir='ltr' id='par_1_2' title="bbox 62 496 1158 2950">
     <span class='ocr_line' id='line_1_2' title="bbox 62 496 1158 562; baseline 0.003 -15"><span class='ocrx_word' id='word_1_3' title='bbox 62 549 68 555; x_wconf 72' lang='lat'><em>,</em></span> <span class='ocrx_word' id='word_1_4' title='bbox 140 501 190 557; x_wconf 79' lang='lat'><strong>711</strong></span> <span class='ocrx_word' id='word_1_5' title='bbox 236 508 271 561; x_wconf 79' lang='lat'><strong>43</strong></span> <span class='ocrx_word' id='word_1_6' title='bbox 307 499 342 548; x_wconf 89' lang='lat' dir='ltr'><strong>lio</strong></span> <span class='ocrx_word' id='word_1_7' title='bbox 361 506 386 547; x_wconf 90' lang='lat' dir='ltr'><strong>et</strong></span> <span class='ocrx_word' id='word_1_8' title='bbox 405 496 519 547; x_wconf 76' lang='lat' dir='ltr'><strong>Ciceroni</strong></span> <span class='ocrx_word' id='word_1_9' title='bbox 538 499 708 548; x_wconf 77' lang='lat' dir='ltr'><strong>mandandam</strong></span> <span class='ocrx_word' id='word_1_10' title='bbox 727 514 784 548; x_wconf 89' lang='lat' dir='ltr'><strong>esse</strong></span> <span class='ocrx_word' id='word_1_11' title='bbox 803 502 974 562; x_wconf 87' lang='lat' dir='ltr'><strong>censuissent,</strong></span> <span class='ocrx_word' id='word_1_12' title='bbox 998 501 1085 552; x_wconf 78' lang='lat' dir='ltr'><strong>Cicero</strong></span> <span class='ocrx_word' id='word_1_13' title='bbox 1122 506 1158 562; x_wconf 74' lang='lat'><strong>64</strong></span> 
     </span>
     <span class='ocr_line' id='line_1_3' title="bbox 307 566 1087 632; baseline 0.004 -16"><span class='ocrx_word' id='word_1_14' title='bbox 307 566 450 628; x_wconf 72' lang='lat' dir='ltr'><strong>Philippica</strong></span> <span class='ocrx_word' id='word_1_15' title='bbox 463 567 608 618; x_wconf 76' lang='lat' dir='ltr'><strong>duodecima</strong></span> <span class='ocrx_word' id='word_1_16' title='bbox 622 569 725 632; x_wconf 86' lang='lat' dir='ltr'><strong>negavit</strong></span> <span class='ocrx_word' id='word_1_17' title='bbox 741 581 826 630; x_wconf 87' lang='lat' dir='ltr'><strong>paoem</strong></span> <span class='ocrx_word' id='word_1_18' title='bbox 839 583 895 616; x_wconf 89' lang='lat' dir='ltr'><strong>cnm</strong></span> <span class='ocrx_word' id='word_1_19' title='bbox 904 571 1016 620; x_wconf 83' lang='lat' dir='ltr'><strong>Antonio</strong></span> <span class='ocrx_word' id='word_1_20' title='bbox 1031 571 1087 619; x_wconf 88' lang='lat' dir='ltr'><strong>lieri</strong></span> 
     </span>
     <span class='ocr_line' id='line_1_4' title="bbox 307 634 1086 702; baseline 0.006 -19"><span class='ocrx_word' id='word_1_21' title='bbox 307 649 398 698; x_wconf 90' lang='lat' dir='ltr'><strong>posse,</strong></span> <span class='ocrx_word' id='word_1_22' title='bbox 423 634 543 698; x_wconf 86' lang='lat' dir='ltr'><strong>illamque</strong></span> <span class='ocrx_word' id='word_1_23' title='bbox 565 636 720 702; x_wconf 77' lang='lat' dir='ltr'><strong>legationem</strong></span> <span class='ocrx_word' id='word_1_24' title='bbox 744 637 893 700; x_wconf 78' lang='lat' dir='ltr'><strong>deprecatus</strong></span> <span class='ocrx_word' id='word_1_25' title='bbox 918 646 964 686; x_wconf 88' lang='lat' dir='ltr'><strong>est.</strong></span> <span class='ocrx_word' id='word_1_26' title='bbox 999 639 1086 688; x_wconf 80' lang='lat' dir='ltr'><strong>Paullo</strong></span> 
     </span>
     <span class='ocr_line' id='line_1_5' title="bbox 306 703 1086 768; baseline 0.004 -17"><span class='ocrx_word' id='word_1_27' title='bbox 306 710 365 766; x_wconf 91' lang='lat' dir='ltr'><strong>post</strong></span> <span class='ocrx_word' id='word_1_28' title='bbox 382 704 465 755; x_wconf 88' lang='lat' dir='ltr'><strong>Pansa</strong></span> <span class='ocrx_word' id='word_1_29' title='bbox 483 705 586 754; x_wconf 89' lang='lat' dir='ltr'><strong>consule</strong></span> <span class='ocrx_word' id='word_1_30' title='bbox 604 705 637 753; x_wconf 88' lang='lat' dir='ltr'><strong>ad</strong></span> <span class='ocrx_word' id='word_1_31' title='bbox 657 704 749 754; x_wconf 89' lang='lat' dir='ltr'><strong>bellum</strong></span> <span class='ocrx_word' id='word_1_32' title='bbox 768 703 898 768; x_wconf 83' lang='lat' dir='ltr'><strong>prolecto,</strong></span> <span class='ocrx_word' id='word_1_33' title='bbox 916 720 974 755; x_wconf 91' lang='lat' dir='ltr'><strong>cum</strong></span> <span class='ocrx_word' id='word_1_34' title='bbox 994 706 1026 754; x_wconf 90' lang='lat' dir='ltr'><strong>de</strong></span> <span class='ocrx_word' id='word_1_35' title='bbox 1044 706 1086 754; x_wconf 93' lang='lat' dir='ltr'><strong>lit-</strong></span> 
     </span>
     <span class='ocr_line' id='line_1_6' title="bbox 306 771 1085 838; baseline 0.005 -20"><span class='ocrx_word' id='word_1_36' title='bbox 306 772 366 819; x_wconf 89' lang='lat' dir='ltr'><strong>teris</strong></span> <span class='ocrx_word' id='word_1_37' title='bbox 386 771 419 819; x_wconf 89' lang='lat' dir='ltr'><strong>M.</strong></span> <span class='ocrx_word' id='word_1_38' title='bbox 437 773 540 835; x_wconf 82' lang='lat' dir='ltr'><strong>Aemilii</strong></span> <span class='ocrx_word' id='word_1_39' title='bbox 556 772 648 837; x_wconf 84' lang='lat' dir='ltr'>Lepidi</span> <span class='ocrx_word' id='word_1_40' title='bbox 670 773 705 822; x_wconf 91' lang='lat' dir='ltr'><strong>ad</strong></span> <span class='ocrx_word' id='word_1_41' title='bbox 722 781 838 822; x_wconf 87' lang='lat' dir='ltr'><strong>senatum</strong></span> <span class='ocrx_word' id='word_1_42' title='bbox 855 774 941 823; x_wconf 90' lang='lat' dir='ltr'><strong>missis</strong></span> <span class='ocrx_word' id='word_1_43' title='bbox 959 783 1085 838; x_wconf 81' lang='lat' dir='ltr'><strong>ageretur,</strong></span> 
     </span>
     <span class='ocr_line' id='line_1_7' title="bbox 306 840 1086 907; baseline 0.005 -20"><span class='ocrx_word' id='word_1_44' title='bbox 306 840 399 901; x_wconf 88' lang='lat' dir='ltr'><strong>quibus</strong></span> <span class='ocrx_word' id='word_1_45' title='bbox 420 855 478 889; x_wconf 89' lang='lat' dir='ltr'><strong>eum</strong></span> <span class='ocrx_word' id='word_1_46' title='bbox 501 843 535 891; x_wconf 88' lang='lat' dir='ltr'><strong>ad</strong></span> <span class='ocrx_word' id='word_1_47' title='bbox 552 857 642 907; x_wconf 88' lang='lat' dir='ltr'><strong>pacem</strong></span> <span class='ocrx_word' id='word_1_48' title='bbox 659 856 718 892; x_wconf 77' lang='lat' dir='ltr'><strong>mim</strong></span> <span class='ocrx_word' id='word_1_49' title='bbox 735 844 848 891; x_wconf 83' lang='lat' dir='ltr'><strong>Antonio</strong></span> <span class='ocrx_word' id='word_1_50' title='bbox 865 841 1010 891; x_wconf 79' lang='lat' dir='ltr'><strong>faciendam</strong></span> <span class='ocrx_word' id='word_1_51' title='bbox 1027 841 1086 891; x_wconf 87' lang='lat' dir='ltr'><strong>hor·</strong></span> 
     </span>
     <span class='ocr_line' id='line_1_8' title="bbox 304 907 1086 974; baseline 0.004 -18"><span class='ocrx_word' id='word_1_52' title='bbox 304 909 413 968; x_wconf 87' lang='lat' dir='ltr'><strong>tabatur,</strong></span> <span class='ocrx_word' id='word_1_53' title='bbox 432 907 519 960; x_wconf 81' lang='lat' dir='ltr'><strong>Cicero</strong></span> <span class='ocrx_word' id='word_1_54' title='bbox 537 911 681 974; x_wconf 73' lang='lat' dir='ltr'><strong>Philippica</strong></span> <span class='ocrx_word' id='word_1_55' title='bbox 696 914 775 962; x_wconf 79' lang='lat' dir='ltr'><strong>tertia</strong></span> <span class='ocrx_word' id='word_1_56' title='bbox 791 914 889 962; x_wconf 83' lang='lat' dir='ltr'><strong>decimu</strong></span> <span class='ocrx_word' id='word_1_57' title='bbox 900 913 992 960; x_wconf 90' lang='lat' dir='ltr'><strong>iterum</strong></span> <span class='ocrx_word' id='word_1_58' title='bbox 1011 911 1086 959; x_wconf 89' lang='lat' dir='ltr'><strong>istam</strong></span> 
     </span>
     <span class='ocr_line' id='line_1_9' title="bbox 302 978 1086 1042; baseline 0.003 -17"><span class='ocrx_word' id='word_1_59' title='bbox 302 990 393 1040; x_wconf 89' lang='lat' dir='ltr'><strong>pacem</strong></span> <span class='ocrx_word' id='word_1_60' title='bbox 409 978 531 1028; x_wconf 78' lang='lat' dir='ltr'><strong>dissuasit</strong></span> <span class='ocrx_word' id='word_1_61' title='bbox 549 980 696 1042; x_wconf 87' lang='lat' dir='ltr'><strong>litterasque</strong></span> <span class='ocrx_word' id='word_1_62' title='bbox 711 981 743 1029; x_wconf 93' lang='lat' dir='ltr'><strong>ab</strong></span> <span class='ocrx_word' id='word_1_63' title='bbox 761 981 872 1030; x_wconf 77' lang='lat' dir='ltr'><strong>Antonio</strong></span> <span class='ocrx_word' id='word_1_64' title='bbox 888 981 922 1029; x_wconf 91' lang='lat' dir='ltr'><strong>ad</strong></span> <span class='ocrx_word' id='word_1_65' title='bbox 936 979 1046 1028; x_wconf 77' lang='lat' dir='ltr'><strong>Hirtium</strong></span> <span class='ocrx_word' id='word_1_66' title='bbox 1060 988 1086 1030; x_wconf 88' lang='lat' dir='ltr'><strong>et</strong></span> 
     </span>
     <span class='ocr_line' id='line_1_10' title="bbox 304 1043 1085 1113; baseline 0.003 -19"><span class='ocrx_word' id='word_1_67' title='bbox 304 1043 468 1096; x_wconf 86' lang='lat' dir='ltr'><strong>Octavianum</strong></span> <span class='ocrx_word' id='word_1_68' title='bbox 482 1050 574 1098; x_wconf 89' lang='lat' dir='ltr'><strong>missas</strong></span> <span class='ocrx_word' id='word_1_69' title='bbox 588 1049 712 1106; x_wconf 85' lang='lat' dir='ltr'><strong>recitarit,</strong></span> <span class='ocrx_word' id='word_1_70' title='bbox 730 1050 767 1098; x_wconf 89' lang='lat' dir='ltr'><strong>ita</strong></span> <span class='ocrx_word' id='word_1_71' title='bbox 779 1058 808 1097; x_wconf 92' lang='lat' dir='ltr'><strong>ut</strong></span> <span class='ocrx_word' id='word_1_72' title='bbox 826 1048 941 1113; x_wconf 85' lang='lat' dir='ltr'><strong>singulas</strong></span> <span class='ocrx_word' id='word_1_73' title='bbox 957 1050 1013 1098; x_wconf 89' lang='lat' dir='ltr'><strong>eius</strong></span> <span class='ocrx_word' id='word_1_74' title='bbox 1027 1062 1085 1097; x_wconf 88' lang='lat' dir='ltr'><strong>sen·</strong></span> 
     </span>
     <span class='ocr_line' id='line_1_11' title="bbox 303 1116 1083 1182; baseline 0.005 -21"><span class='ocrx_word' id='word_1_75' title='bbox 303 1116 397 1162; x_wconf 83' lang='lat' dir='ltr'><strong>tentius</strong></span> <span class='ocrx_word' id='word_1_76' title='bbox 410 1116 559 1169; x_wconf 83' lang='lat' dir='ltr'><strong>confutaret.</strong></span> <span class='ocrx_word' id='word_1_77' title='bbox 579 1117 658 1167; x_wconf 87' lang='lat' dir='ltr'><strong>XVII.</strong></span> <span class='ocrx_word' id='word_1_78' title='bbox 674 1116 729 1165; x_wconf 83' lang='lat' dir='ltr'><strong>Kal.</strong></span> <span class='ocrx_word' id='word_1_79' title='bbox 745 1117 832 1166; x_wconf 83' lang='lat' dir='ltr'><strong>Maias</strong></span> <span class='ocrx_word' id='word_1_80' title='bbox 843 1117 969 1166; x_wconf 83' lang='lat' dir='ltr'><strong>Antonius</strong></span> <span class='ocrx_word' id='word_1_81' title='bbox 984 1117 1083 1182; x_wconf 87' lang='lat' dir='ltr'><strong>proelio</strong></span> 
     </span>
     <span class='ocr_line' id='line_1_12' title="bbox 304 1182 1083 1252; baseline 0.005 -22"><span class='ocrx_word' id='word_1_82' title='bbox 304 1182 336 1230; x_wconf 87' lang='lat' dir='ltr'><strong>ad</strong></span> <span class='ocrx_word' id='word_1_83' title='bbox 354 1183 477 1234; x_wconf 90' lang='lat' dir='ltr'><strong>Mutinam</strong></span> <span class='ocrx_word' id='word_1_84' title='bbox 496 1195 631 1252; x_wconf 88' lang='lat' dir='ltr'><strong>superatus</strong></span> <span class='ocrx_word' id='word_1_85' title='bbox 650 1194 701 1245; x_wconf 90' lang='lat' dir='ltr'><strong>est,</strong></span> <span class='ocrx_word' id='word_1_86' title='bbox 725 1187 819 1248; x_wconf 89' lang='lat' dir='ltr'><strong>inquo</strong></span> <span class='ocrx_word' id='word_1_87' title='bbox 837 1186 901 1235; x_wconf 86' lang='lat' dir='ltr'><strong>alter</strong></span> <span class='ocrx_word' id='word_1_88' title='bbox 917 1201 970 1236; x_wconf 90' lang='lat' dir='ltr'><strong>cos.</strong></span> <span class='ocrx_word' id='word_1_89' title='bbox 988 1185 1083 1235; x_wconf 87' lang='lat' dir='ltr'><strong>Hirtius</strong></span> 
     </span>
     <span class='ocr_line' id='line_1_13' title="bbox 303 1252 1083 1320; baseline 0.005 -21"><span class='ocrx_word' id='word_1_90' title='bbox 303 1252 402 1311; x_wconf 84' lang='lat' dir='ltr'><strong>cecidit,</strong></span> <span class='ocrx_word' id='word_1_91' title='bbox 422 1255 484 1319; x_wconf 84' lang='lat' dir='ltr'><strong>alter</strong></span> <span class='ocrx_word' id='word_1_92' title='bbox 497 1257 580 1305; x_wconf 85' lang='lat' dir='ltr'><strong>Pansa</strong></span> <span class='ocrx_word' id='word_1_93' title='bbox 594 1255 742 1305; x_wconf 86' lang='lat' dir='ltr'><strong>vulneratus</strong></span> <span class='ocrx_word' id='word_1_94' title='bbox 759 1263 837 1305; x_wconf 85' lang='lat' dir='ltr'><strong>estet</strong></span> <span class='ocrx_word' id='word_1_95' title='bbox 851 1257 941 1318; x_wconf 80' lang='lat' dir='ltr'><strong>paucis</strong></span> <span class='ocrx_word' id='word_1_96' title='bbox 954 1265 1013 1320; x_wconf 88' lang='lat' dir='ltr'><strong>post</strong></span> <span class='ocrx_word' id='word_1_97' title='bbox 1029 1256 1083 1304; x_wconf 88' lang='lat' dir='ltr'><strong>die-</strong></span> 
     </span>
     <span class='ocr_line' id='line_1_14' title="bbox 303 1321 1082 1376; baseline 0.005 -7"><span class='ocrx_word' id='word_1_98' title='bbox 303 1322 349 1370; x_wconf 89' lang='lat' dir='ltr'><strong>bus</strong></span> <span class='ocrx_word' id='word_1_99' title='bbox 361 1321 491 1374; x_wconf 80' lang='lat' dir='ltr'><strong>Bononiae</strong></span> <span class='ocrx_word' id='word_1_100' title='bbox 505 1334 628 1374; x_wconf 90' lang='lat' dir='ltr'><strong>mortuus.</strong></span> <span class='ocrx_word' id='word_1_101' title='bbox 655 1325 734 1374; x_wconf 86' lang='lat' dir='ltr'><strong>Laeto</strong></span> <span class='ocrx_word' id='word_1_102' title='bbox 750 1332 834 1373; x_wconf 88' lang='lat' dir='ltr'><strong>antem</strong></span> <span class='ocrx_word' id='word_1_103' title='bbox 849 1328 935 1376; x_wconf 88' lang='lat' dir='ltr'><strong>nuntio</strong></span> <span class='ocrx_word' id='word_1_104' title='bbox 958 1325 989 1374; x_wconf 88' lang='lat' dir='ltr'><strong>de</strong></span> <span class='ocrx_word' id='word_1_105' title='bbox 1003 1325 1082 1374; x_wconf 88' lang='lat' dir='ltr'><strong>victo·</strong></span> 
     </span>
     <span class='ocr_line' id='line_1_15' title="bbox 301 1390 1082 1458; baseline 0.004 -20"><span class='ocrx_word' id='word_1_106' title='bbox 301 1391 340 1439; x_wconf 91' lang='lat' dir='ltr'><strong>ria</strong></span> <span class='ocrx_word' id='word_1_107' title='bbox 357 1390 493 1441; x_wconf 85' lang='lat' dir='ltr'><strong>Mutinensi</strong></span> <span class='ocrx_word' id='word_1_108' title='bbox 511 1394 619 1443; x_wconf 82' lang='lat' dir='ltr'><strong>Romam</strong></span> <span class='ocrx_word' id='word_1_109' title='bbox 638 1393 725 1453; x_wconf 85' lang='lat' dir='ltr'><strong>allato,</strong></span> <span class='ocrx_word' id='word_1_110' title='bbox 744 1391 830 1443; x_wconf 76' lang='lat' dir='ltr'><strong>Cicero</strong></span> <span class='ocrx_word' id='word_1_111' title='bbox 849 1394 881 1442; x_wconf 89' lang='lat' dir='ltr'><strong>ab</strong></span> <span class='ocrx_word' id='word_1_112' title='bbox 900 1394 998 1458; x_wconf 78' lang='lat' dir='ltr'><strong>ingenti</strong></span> <span class='ocrx_word' id='word_1_113' title='bbox 1017 1393 1082 1442; x_wconf 90' lang='lat' dir='ltr'><strong>mul-</strong></span> 
     </span>
     <span class='ocr_line' id='line_1_16' title="bbox 301 1459 1081 1527; baseline 0.004 -22"><span class='ocrx_word' id='word_1_114' title='bbox 301 1459 409 1509; x_wconf 88' lang='lat' dir='ltr'><strong>titudiue</strong></span> <span class='ocrx_word' id='word_1_115' title='bbox 432 1462 544 1512; x_wconf 84' lang='lat' dir='ltr'><strong>maximo</strong></span> <span class='ocrx_word' id='word_1_116' title='bbox 568 1462 660 1526; x_wconf 89' lang='lat' dir='ltr'><strong>plausu</strong></span> <span class='ocrx_word' id='word_1_117' title='bbox 691 1463 718 1510; x_wconf 91' lang='lat' dir='ltr'><strong>in</strong></span> <span class='ocrx_word' id='word_1_118' title='bbox 741 1460 894 1527; x_wconf 81' lang='lat' dir='ltr'><strong>Capitolium</strong></span> <span class='ocrx_word' id='word_1_119' title='bbox 921 1463 1027 1521; x_wconf 90' lang='lat' dir='ltr'><strong>ductus,</strong></span> <span class='ocrx_word' id='word_1_120' title='bbox 1054 1463 1081 1509; x_wconf 93' lang='lat' dir='ltr'><strong>iu</strong></span> 
     </span>
     <span class='ocr_line' id='line_1_17' title="bbox 300 1525 1080 1588; baseline 0.003 -14"><span class='ocrx_word' id='word_1_121' title='bbox 300 1526 400 1576; x_wconf 78' lang='lat' dir='ltr'><strong>Rostris</strong></span> <span class='ocrx_word' id='word_1_122' title='bbox 419 1525 570 1588; x_wconf 80' lang='lat' dir='ltr'><strong>cottobatus,</strong></span> <span class='ocrx_word' id='word_1_123' title='bbox 588 1531 650 1579; x_wconf 89' lang='lat' dir='ltr'><strong>inde</strong></span> <span class='ocrx_word' id='word_1_124' title='bbox 669 1531 771 1581; x_wconf 89' lang='lat' dir='ltr'><strong>domum</strong></span> <span class='ocrx_word' id='word_1_125' title='bbox 788 1530 908 1579; x_wconf 86' lang='lat' dir='ltr'><strong>reductus</strong></span> <span class='ocrx_word' id='word_1_126' title='bbox 928 1538 976 1581; x_wconf 84' lang='lat' dir='ltr'><strong>est.</strong></span> <span class='ocrx_word' id='word_1_127' title='bbox 1012 1530 1080 1578; x_wconf 87' lang='lat' dir='ltr'><strong>Prid.</strong></span> 
     </span>
     <span class='ocr_line' id='line_1_18' title="bbox 298 1599 1081 1670; baseline 0.015 -24"><span class='ocrx_word' id='word_1_128' title='bbox 298 1599 401 1647; x_wconf 89' lang='lat' dir='ltr'><strong>Vinalia</strong></span> <span class='ocrx_word' id='word_1_129' title='bbox 411 1600 446 1648; x_wconf 89' lang='lat' dir='ltr'><strong>X.</strong></span> <span class='ocrx_word' id='word_1_130' title='bbox 455 1602 509 1650; x_wconf 80' lang='lat' dir='ltr'><strong>Hal.</strong></span> <span class='ocrx_word' id='word_1_131' title='bbox 519 1604 600 1652; x_wconf 89' lang='lat' dir='ltr'><strong>Maias</strong></span> <span class='ocrx_word' id='word_1_132' title='bbox 612 1603 699 1654; x_wconf 79' lang='lat' dir='ltr'><strong>Cicero</strong></span> <span class='ocrx_word' id='word_1_133' title='bbox 711 1605 800 1655; x_wconf 86' lang='lat' dir='ltr'><strong>habuit</strong></span> <span class='ocrx_word' id='word_1_134' title='bbox 812 1607 980 1670; x_wconf 72' lang='lat' dir='ltr'><strong>Philippicom</strong></span> <span class='ocrx_word' id='word_1_135' title='bbox 1004 1617 1081 1664; x_wconf 72' lang='lat' dir='ltr'><strong>quar·</strong></span> 
     </span>
     <span class='ocr_line' id='line_1_19' title="bbox 299 1666 1080 1734; baseline 0.001 -22"><span class='ocrx_word' id='word_1_136' title='bbox 299 1670 350 1713; x_wconf 85' lang='lat' dir='ltr'><strong>tam</strong></span> <span class='ocrx_word' id='word_1_137' title='bbox 367 1667 493 1722; x_wconf 79' lang='lat' dir='ltr'><strong>decimam,</strong></span> <span class='ocrx_word' id='word_1_138' title='bbox 510 1683 562 1729; x_wconf 85' lang='lat' dir='ltr'><strong>qna</strong></span> <span class='ocrx_word' id='word_1_139' title='bbox 578 1670 653 1717; x_wconf 88' lang='lat' dir='ltr'><strong>trium</strong></span> <span class='ocrx_word' id='word_1_140' title='bbox 666 1672 759 1720; x_wconf 89' lang='lat' dir='ltr'><strong>ducum</strong></span> <span class='ocrx_word' id='word_1_141' title='bbox 770 1672 857 1728; x_wconf 85' lang='lat' dir='ltr'><strong>Hirtii,</strong></span> <span class='ocrx_word' id='word_1_142' title='bbox 874 1673 985 1734; x_wconf 85' lang='lat' dir='ltr'><strong>Pansae,</strong></span> <span class='ocrx_word' id='word_1_143' title='bbox 1020 1666 1080 1715; x_wconf 85' lang='lat' dir='ltr'><strong>Cae·</strong></span> 
     </span>
     <span class='ocr_line' id='line_1_20' title="bbox 299 1730 1080 1796; baseline 0.012 -20"><span class='ocrx_word' id='word_1_144' title='bbox 299 1731 364 1776; x_wconf 82' lang='lat' dir='ltr'><strong>saris</strong></span> <span class='ocrx_word' id='word_1_145' title='bbox 384 1730 514 1779; x_wconf 83' lang='lat' dir='ltr'><strong>Octaviani</strong></span> <span class='ocrx_word' id='word_1_146' title='bbox 540 1734 644 1781; x_wconf 84' lang='lat' dir='ltr'><strong>nomine</strong></span> <span class='ocrx_word' id='word_1_147' title='bbox 671 1736 852 1796; x_wconf 84' lang='lat' dir='ltr'><strong>quinquaginta</strong></span> <span class='ocrx_word' id='word_1_148' title='bbox 880 1739 976 1784; x_wconf 88' lang='lat' dir='ltr'><strong>dierum</strong></span> <span class='ocrx_word' id='word_1_149' title='bbox 1021 1746 1080 1794; x_wconf 69' lang='lat' dir='ltr'><strong>sup·</strong></span> 
     </span>
     <span class='ocr_line' id='line_1_21' title="bbox 301 1797 1082 1864; baseline 0.004 -21"><span class='ocrx_word' id='word_1_150' title='bbox 301 1797 464 1858; x_wconf 86' lang='lat' dir='ltr'><strong>plicationenr</strong></span> <span class='ocrx_word' id='word_1_151' title='bbox 486 1799 686 1859; x_wconf 85' lang='lat' dir='ltr'><strong>decernendam,</strong></span> <span class='ocrx_word' id='word_1_152' title='bbox 708 1799 898 1859; x_wconf 87' lang='lat' dir='ltr'><strong>militibusque,</strong></span> <span class='ocrx_word' id='word_1_153' title='bbox 923 1800 965 1860; x_wconf 90' lang='lat' dir='ltr'><strong>qui</strong></span> <span class='ocrx_word' id='word_1_154' title='bbox 990 1813 1036 1864; x_wconf 88' lang='lat' dir='ltr'><strong>pro</strong></span> <span class='ocrx_word' id='word_1_155' title='bbox 1054 1813 1082 1846; x_wconf 89' lang='lat' dir='ltr'><strong>re</strong></span> 
     </span>
     <span class='ocr_line' id='line_1_22' title="bbox 301 1863 1078 1928; baseline 0.005 -17"><span class='ocrx_word' id='word_1_156' title='bbox 301 1863 371 1928; x_wconf 89' lang='lat' dir='ltr'><strong>publ.</strong></span> <span class='ocrx_word' id='word_1_157' title='bbox 389 1867 537 1927; x_wconf 86' lang='lat' dir='ltr'><strong>interierint,</strong></span> <span class='ocrx_word' id='word_1_158' title='bbox 553 1876 743 1917; x_wconf 86' lang='lat' dir='ltr'><strong>monumentum</strong></span> <span class='ocrx_word' id='word_1_159' title='bbox 757 1866 902 1917; x_wconf 82' lang='lat' dir='ltr'><strong>iaciendum</strong></span> <span class='ocrx_word' id='word_1_160' title='bbox 917 1868 1024 1916; x_wconf 87' lang='lat' dir='ltr'><strong>censuit.</strong></span> <span class='ocrx_word' id='word_1_161' title='bbox 1038 1867 1078 1915; x_wconf 83' lang='lat' dir='ltr'><strong>lv.</strong></span> 
     </span>
     <span class='ocr_line' id='line_1_23' title="bbox 301 1931 1079 2000; baseline 0.004 -20"><span class='ocrx_word' id='word_1_162' title='bbox 301 1931 357 1981; x_wconf 84' lang='lat' dir='ltr'><strong>Hal.</strong></span> <span class='ocrx_word' id='word_1_163' title='bbox 375 1933 429 1983; x_wconf 88' lang='lat' dir='ltr'><strong>lun.</strong></span> <span class='ocrx_word' id='word_1_164' title='bbox 448 1934 482 1987; x_wconf 85' lang='lat' dir='ltr'><strong>M.</strong></span> <span class='ocrx_word' id='word_1_165' title='bbox 497 1936 612 2000; x_wconf 88' lang='lat' dir='ltr'><strong>Lepidus</strong></span> <span class='ocrx_word' id='word_1_166' title='bbox 629 1951 658 1985; x_wconf 89' lang='lat' dir='ltr'><strong>se</strong></span> <span class='ocrx_word' id='word_1_167' title='bbox 676 1951 733 1984; x_wconf 91' lang='lat' dir='ltr'><strong>cum</strong></span> <span class='ocrx_word' id='word_1_168' title='bbox 748 1935 861 1985; x_wconf 82' lang='lat' dir='ltr'><strong>Antonio</strong></span> <span class='ocrx_word' id='word_1_169' title='bbox 879 1945 938 2000; x_wconf 88' lang='lat' dir='ltr'><strong>post</strong></span> <span class='ocrx_word' id='word_1_170' title='bbox 955 1935 1079 2000; x_wconf 81' lang='lat' dir='ltr'><strong>proelium</strong></span> 
     </span>
     <span class='ocr_line' id='line_1_24' title="bbox 299 2000 1078 2070; baseline 0.009 -21"><span class='ocrx_word' id='word_1_171' title='bbox 299 2000 443 2052; x_wconf 84' lang='lat' dir='ltr'><strong>Mutinense</strong></span> <span class='ocrx_word' id='word_1_172' title='bbox 465 2005 545 2069; x_wconf 79' lang='lat' dir='ltr'><strong>Alpes</strong></span> <span class='ocrx_word' id='word_1_173' title='bbox 567 2013 727 2070; x_wconf 85' lang='lat' dir='ltr'><strong>transgresso</strong></span> <span class='ocrx_word' id='word_1_174' title='bbox 749 2005 880 2054; x_wconf 86' lang='lat' dir='ltr'><strong>coniunxit</strong></span> <span class='ocrx_word' id='word_1_175' title='bbox 897 2013 922 2053; x_wconf 88' lang='lat' dir='ltr'><strong>et</strong></span> <span class='ocrx_word' id='word_1_176' title='bbox 938 2004 1004 2069; x_wconf 89' lang='lat' dir='ltr'><strong>prid.</strong></span> <span class='ocrx_word' id='word_1_177' title='bbox 1023 2004 1078 2056; x_wconf 83' lang='lat' dir='ltr'><strong>Kal.</strong></span> 
     </span>
     <span class='ocr_line' id='line_1_25' title="bbox 300 2070 1078 2138; baseline 0.005 -20"><span class='ocrx_word' id='word_1_178' title='bbox 300 2070 385 2129; x_wconf 81' lang='lat' dir='ltr'><strong>Quint.</strong></span> <span class='ocrx_word' id='word_1_179' title='bbox 401 2070 484 2121; x_wconf 86' lang='lat' dir='ltr'><strong>hostis</strong></span> <span class='ocrx_word' id='word_1_180' title='bbox 502 2072 627 2123; x_wconf 89' lang='lat' dir='ltr'><strong>indicatus</strong></span> <span class='ocrx_word' id='word_1_181' title='bbox 647 2083 694 2126; x_wconf 86' lang='lat' dir='ltr'><strong>est.</strong></span> <span class='ocrx_word' id='word_1_182' title='bbox 720 2073 808 2127; x_wconf 90' lang='lat' dir='ltr'><strong>Paullo</strong></span> <span class='ocrx_word' id='word_1_183' title='bbox 825 2081 885 2138; x_wconf 89' lang='lat' dir='ltr'><strong>post</strong></span> <span class='ocrx_word' id='word_1_184' title='bbox 901 2070 994 2123; x_wconf 80' lang='lat' dir='ltr'><strong>Caesar</strong></span> <span class='ocrx_word' id='word_1_185' title='bbox 1006 2072 1078 2124; x_wconf 83' lang='lat' dir='ltr'><strong>Octa·</strong></span> 
     </span>
     <span class='ocr_line' id='line_1_26' title="bbox 298 2140 1078 2206; baseline 0.006 -19"><span class='ocrx_word' id='word_1_186' title='bbox 298 2140 390 2189; x_wconf 86' lang='lat' dir='ltr'><strong>vianus</strong></span> <span class='ocrx_word' id='word_1_187' title='bbox 410 2156 514 2191; x_wconf 87' lang='lat' dir='ltr'><strong>causam</strong></span> <span class='ocrx_word' id='word_1_188' title='bbox 536 2143 695 2206; x_wconf 87' lang='lat' dir='ltr'><strong>optimatium</strong></span> <span class='ocrx_word' id='word_1_189' title='bbox 716 2142 829 2192; x_wconf 86' lang='lat' dir='ltr'><strong>deseruit</strong></span> <span class='ocrx_word' id='word_1_190' title='bbox 846 2142 1035 2205; x_wconf 85' lang='lat' dir='ltr'><strong>Antoniumque</strong></span> <span class='ocrx_word' id='word_1_191' title='bbox 1054 2151 1078 2192; x_wconf 88' lang='lat' dir='ltr'><strong>et</strong></span> 
     </span>
     <span class='ocr_line' id='line_1_27' title="bbox 297 2208 1078 2272; baseline 0.003 -15"><span class='ocrx_word' id='word_1_192' title='bbox 297 2208 423 2272; x_wconf 88' lang='lat' dir='ltr'><strong>Lepidum</strong></span> <span class='ocrx_word' id='word_1_193' title='bbox 438 2212 464 2259; x_wconf 88' lang='lat' dir='ltr'><strong>in</strong></span> <span class='ocrx_word' id='word_1_194' title='bbox 483 2211 583 2260; x_wconf 87' lang='lat' dir='ltr'><strong>ltaliam</strong></span> <span class='ocrx_word' id='word_1_195' title='bbox 598 2213 744 2270; x_wconf 83' lang='lat' dir='ltr'><strong>arcessivit,</strong></span> <span class='ocrx_word' id='word_1_196' title='bbox 765 2220 862 2260; x_wconf 87' lang='lat' dir='ltr'><strong>etcum</strong></span> <span class='ocrx_word' id='word_1_197' title='bbox 879 2210 908 2269; x_wconf 85' lang='lat' dir='ltr'><strong>Q.</strong></span> <span class='ocrx_word' id='word_1_198' title='bbox 923 2211 1002 2261; x_wconf 87' lang='lat' dir='ltr'><strong>Pedio</strong></span> <span class='ocrx_word' id='word_1_199' title='bbox 1018 2225 1078 2260; x_wconf 90' lang='lat' dir='ltr'><strong>con-</strong></span> 
     </span>
     <span class='ocr_line' id='line_1_28' title="bbox 299 2275 1077 2331; baseline 0.008 -8"><span class='ocrx_word' id='word_1_200' title='bbox 299 2275 339 2324; x_wconf 87' lang='lat' dir='ltr'><strong>sul</strong></span> <span class='ocrx_word' id='word_1_201' title='bbox 362 2288 461 2328; x_wconf 88' lang='lat' dir='ltr'><strong>creatus</strong></span> <span class='ocrx_word' id='word_1_202' title='bbox 482 2279 516 2329; x_wconf 89' lang='lat' dir='ltr'><strong>X.</strong></span> <span class='ocrx_word' id='word_1_203' title='bbox 535 2279 590 2330; x_wconf 83' lang='lat' dir='ltr'><strong>llal.</strong></span> <span class='ocrx_word' id='word_1_204' title='bbox 611 2279 666 2331; x_wconf 87' lang='lat' dir='ltr'><strong>Oct.</strong></span> <span class='ocrx_word' id='word_1_205' title='bbox 691 2278 848 2331; x_wconf 83' lang='lat' dir='ltr'><strong>consulatum</strong></span> <span class='ocrx_word' id='word_1_206' title='bbox 870 2280 942 2329; x_wconf 78' lang='lat' dir='ltr'><strong>adiit.</strong></span> <span class='ocrx_word' id='word_1_207' title='bbox 979 2280 1077 2329; x_wconf 89' lang='lat' dir='ltr'><strong>Deinde</strong></span> 
     </span>
     <span class='ocr_line' id='line_1_29' title="bbox 298 2344 1077 2410; baseline 0.005 -17"><span class='ocrx_word' id='word_1_208' title='bbox 298 2359 361 2410; x_wconf 86' lang='lat' dir='ltr'><strong>pace</strong></span> <span class='ocrx_word' id='word_1_209' title='bbox 376 2344 444 2397; x_wconf 84' lang='lat' dir='ltr'><strong>iacta</strong></span> <span class='ocrx_word' id='word_1_210' title='bbox 458 2349 523 2397; x_wconf 89' lang='lat' dir='ltr'><strong>iuter</strong></span> <span class='ocrx_word' id='word_1_211' title='bbox 533 2347 666 2399; x_wconf 78' lang='lat' dir='ltr'><strong>Gaesarem</strong></span> <span class='ocrx_word' id='word_1_212' title='bbox 681 2347 848 2399; x_wconf 85' lang='lat' dir='ltr'><strong>Octavianum</strong></span> <span class='ocrx_word' id='word_1_213' title='bbox 861 2356 887 2396; x_wconf 91' lang='lat' dir='ltr'><strong>et</strong></span> <span class='ocrx_word' id='word_1_214' title='bbox 898 2349 1037 2397; x_wconf 78' lang='lat' dir='ltr'><strong>Antonium</strong></span> <span class='ocrx_word' id='word_1_215' title='bbox 1053 2357 1077 2397; x_wconf 89' lang='lat' dir='ltr'><strong>et</strong></span> 
     </span>
     <span class='ocr_line' id='line_1_30' title="bbox 298 2413 1077 2481; baseline 0.001 -18"><span class='ocrx_word' id='word_1_216' title='bbox 298 2413 438 2479; x_wconf 87' lang='lat' dir='ltr'><strong>Lepidum,</strong></span> <span class='ocrx_word' id='word_1_217' title='bbox 458 2417 527 2481; x_wconf 90' lang='lat' dir='ltr'><strong>apud</strong></span> <span class='ocrx_word' id='word_1_218' title='bbox 545 2418 701 2469; x_wconf 84' lang='lat' dir='ltr'><strong>oonllusntes</strong></span> <span class='ocrx_word' id='word_1_219' title='bbox 718 2419 785 2468; x_wconf 86' lang='lat' dir='ltr'><strong>inter</strong></span> <span class='ocrx_word' id='word_1_220' title='bbox 802 2416 933 2468; x_wconf 86' lang='lat' dir='ltr'><strong>Perusiam</strong></span> <span class='ocrx_word' id='word_1_221' title='bbox 952 2425 977 2466; x_wconf 91' lang='lat' dir='ltr'><strong>et</strong></span> <span class='ocrx_word' id='word_1_222' title='bbox 995 2416 1077 2465; x_wconf 91' lang='lat' dir='ltr'><strong>Bono-</strong></span> 
     </span>
     <span class='ocr_line' id='line_1_31' title="bbox 297 2485 1074 2551; baseline 0 -19"><span class='ocrx_word' id='word_1_223' title='bbox 297 2485 366 2533; x_wconf 91' lang='lat' dir='ltr'><strong>niam</strong></span> <span class='ocrx_word' id='word_1_224' title='bbox 385 2500 545 2550; x_wconf 86' lang='lat' dir='ltr'><strong>congressos,</strong></span> <span class='ocrx_word' id='word_1_225' title='bbox 565 2488 689 2550; x_wconf 85' lang='lat' dir='ltr'><strong>convenit,</strong></span> <span class='ocrx_word' id='word_1_226' title='bbox 704 2495 732 2535; x_wconf 88' lang='lat' dir='ltr'><strong>nt</strong></span> <span class='ocrx_word' id='word_1_227' title='bbox 749 2488 800 2551; x_wconf 89' lang='lat' dir='ltr'><strong>ipsi</strong></span> <span class='ocrx_word' id='word_1_228' title='bbox 815 2486 941 2536; x_wconf 80' lang='lat' dir='ltr'><strong>triumviri</strong></span> <span class='ocrx_word' id='word_1_229' title='bbox 954 2486 991 2533; x_wconf 89' lang='lat' dir='ltr'><strong>rei</strong></span> <span class='ocrx_word' id='word_1_230' title='bbox 1004 2485 1074 2549; x_wconf 85' lang='lat' dir='ltr'><strong>publ.</strong></span> 
     </span>
     <span class='ocr_line' id='line_1_32' title="bbox 297 2554 1077 2619; baseline 0 -17"><span class='ocrx_word' id='word_1_231' title='bbox 297 2554 489 2605; x_wconf 88' lang='lat' dir='ltr'><strong>constituendae</strong></span> <span class='ocrx_word' id='word_1_232' title='bbox 513 2570 559 2619; x_wconf 87' lang='lat' dir='ltr'><strong>per</strong></span> <span class='ocrx_word' id='word_1_233' title='bbox 583 2556 783 2618; x_wconf 86' lang='lat' dir='ltr'><strong>quinquennium</strong></span> <span class='ocrx_word' id='word_1_234' title='bbox 802 2561 901 2613; x_wconf 87' lang='lat' dir='ltr'><strong>essent,</strong></span> <span class='ocrx_word' id='word_1_235' title='bbox 926 2563 950 2602; x_wconf 90' lang='lat' dir='ltr'><strong>et</strong></span> <span class='ocrx_word' id='word_1_236' title='bbox 968 2560 996 2602; x_wconf 91' lang='lat' dir='ltr'><strong>ut</strong></span> <span class='ocrx_word' id='word_1_237' title='bbox 1016 2567 1077 2602; x_wconf 84' lang='lat' dir='ltr'><strong>suos</strong></span> 
     </span>
     <span class='ocr_line' id='line_1_33' title="bbox 297 2622 1077 2689; baseline -0.001 -19"><span class='ocrx_word' id='word_1_238' title='bbox 297 2623 405 2683; x_wconf 88' lang='lat' dir='ltr'><strong>quisque</strong></span> <span class='ocrx_word' id='word_1_239' title='bbox 428 2623 545 2675; x_wconf 86' lang='lat' dir='ltr'><strong>inimicos</strong></span> <span class='ocrx_word' id='word_1_240' title='bbox 568 2627 744 2689; x_wconf 84' lang='lat' dir='ltr'><strong>proscriberet.</strong></span> <span class='ocrx_word' id='word_1_241' title='bbox 785 2625 874 2687; x_wconf 87' lang='lat' dir='ltr'><strong>ltaque</strong></span> <span class='ocrx_word' id='word_1_242' title='bbox 899 2622 1026 2671; x_wconf 77' lang='lat' dir='ltr'><strong>Antonius</strong></span> <span class='ocrx_word' id='word_1_243' title='bbox 1050 2623 1077 2670; x_wconf 91' lang='lat' dir='ltr'><strong>in</strong></span> 
     </span>
     <span class='ocr_line' id='line_1_34' title="bbox 298 2688 1075 2754; baseline -0.001 -16"><span class='ocrx_word' id='word_1_244' title='bbox 298 2688 453 2750; x_wconf 77' lang='lat' dir='ltr'><strong>Ciceronem,</strong></span> <span class='ocrx_word' id='word_1_245' title='bbox 467 2692 511 2753; x_wconf 89' lang='lat' dir='ltr'><strong>qui</strong></span> <span class='ocrx_word' id='word_1_246' title='bbox 526 2692 592 2742; x_wconf 87' lang='lat' dir='ltr'><strong>Urbe</strong></span> <span class='ocrx_word' id='word_1_247' title='bbox 606 2695 694 2744; x_wconf 86' lang='lat' dir='ltr'><strong>relicta</strong></span> <span class='ocrx_word' id='word_1_248' title='bbox 709 2695 829 2742; x_wconf 80' lang='lat' dir='ltr'><strong>Asturam</strong></span> <span class='ocrx_word' id='word_1_249' title='bbox 844 2690 1002 2754; x_wconf 78' lang='lat' dir='ltr'><strong>confugerat,</strong></span> <span class='ocrx_word' id='word_1_250' title='bbox 1018 2704 1075 2753; x_wconf 89' lang='lat' dir='ltr'><strong>per-</strong></span> 
     </span>
     <span class='ocr_line' id='line_1_35' title="bbox 297 2758 1075 2812; baseline -0.003 -6"><span class='ocrx_word' id='word_1_251' title='bbox 297 2772 413 2809; x_wconf 89' lang='lat' dir='ltr'><strong>cussores</strong></span> <span class='ocrx_word' id='word_1_252' title='bbox 433 2760 539 2810; x_wconf 91' lang='lat' dir='ltr'><strong>immisit</strong></span> <span class='ocrx_word' id='word_1_253' title='bbox 559 2763 712 2812; x_wconf 84' lang='lat' dir='ltr'><strong>Herennium</strong></span> <span class='ocrx_word' id='word_1_254' title='bbox 736 2763 907 2810; x_wconf 81' lang='lat' dir='ltr'><strong>centurionem</strong></span> <span class='ocrx_word' id='word_1_255' title='bbox 930 2766 955 2806; x_wconf 91' lang='lat' dir='ltr'><strong>et</strong></span> <span class='ocrx_word' id='word_1_256' title='bbox 974 2758 1007 2808; x_wconf 93' lang='lat' dir='ltr'><strong>M.</strong></span> <span class='ocrx_word' id='word_1_257' title='bbox 1027 2759 1075 2806; x_wconf 93' lang='lat' dir='ltr'><strong>Po-</strong></span> 
     </span>
     <span class='ocr_line' id='line_1_36' title="bbox 297 2825 1075 2940; baseline -0.004 -67"><span class='ocrx_word' id='word_1_258' title='bbox 297 2825 385 2940; x_wconf 53' lang='lat' dir='ltr'><strong>pilium</strong></span> <span class='ocrx_word' id='word_1_259' title='bbox 400 2828 546 2890; x_wconf 87' lang='lat' dir='ltr'><strong>Laenatem,</strong></span> <span class='ocrx_word' id='word_1_260' title='bbox 566 2846 580 2880; x_wconf 89' lang='lat' dir='ltr'><strong>a</strong></span> <span class='ocrx_word' id='word_1_261' title='bbox 597 2832 689 2893; x_wconf 83' lang='lat' dir='ltr'><strong>quibus</strong></span> <span class='ocrx_word' id='word_1_262' title='bbox 702 2831 758 2880; x_wconf 87' lang='lat' dir='ltr'><strong>VII.</strong></span> <span class='ocrx_word' id='word_1_263' title='bbox 775 2830 813 2878; x_wconf 90' lang='lat' dir='ltr'><strong>ld.</strong></span> <span class='ocrx_word' id='word_1_264' title='bbox 829 2826 981 2877; x_wconf 87' lang='lat' dir='ltr'><strong>Decembres</strong></span> <span class='ocrx_word' id='word_1_265' title='bbox 997 2826 1075 2872; x_wconf 86' lang='lat' dir='ltr'><strong>inter-</strong></span> 
     </span>
     <span class='ocr_line' id='line_1_37' title="bbox 310 2902 446 2950; baseline 0.037 -10"><span class='ocrx_word' id='word_1_266' title='bbox 310 2902 382 2943; x_wconf 65' lang='lat' dir='ltr'><strong>eolus</strong></span> <span class='ocrx_word' id='word_1_267' title='bbox 398 2906 446 2950; x_wconf 67' lang='lat' dir='ltr'><strong>(tal.</strong></span> 
     </span>
    </p>
   </div>
   <div class='ocr_carea' id='block_1_3' title="bbox 593 2986 766 2998">
    <p class='ocr_par' dir='ltr' id='par_1_3' title="bbox 593 2986 766 2998">
     <span class='ocr_line' id='line_1_38' title="bbox 593 2986 766 2998; baseline -0.017 0"><span class='ocrx_word' id='word_1_268' title='bbox 593 2986 766 2998; x_wconf 54' lang='grc'><strong>*-</strong></span> 
     </span>
    </p>
   </div>
   <div class='ocr_carea' id='block_1_4' title="bbox 292 3096 1075 3510">
    <p class='ocr_par' dir='ltr' id='par_1_4' title="bbox 292 3096 1075 3510">
     <span class='ocr_line' id='line_1_39' title="bbox 364 3096 1074 3166; baseline -0.01 -15"><span class='ocrx_word' id='word_1_269' title='bbox 364 3102 451 3166; x_wconf 86' lang='lat' dir='ltr'><strong>„Nihil</strong></span> <span class='ocrx_word' id='word_1_270' title='bbox 477 3110 528 3151; x_wconf 90' lang='lat' dir='ltr'><strong>tam</strong></span> <span class='ocrx_word' id='word_1_271' title='bbox 553 3100 688 3165; x_wconf 87' lang='lat' dir='ltr'><strong>indiguum</strong></span> <span class='ocrx_word' id='word_1_272' title='bbox 710 3098 753 3149; x_wconf 91' lang='lat' dir='ltr'><strong>illo</strong></span> <span class='ocrx_word' id='word_1_273' title='bbox 778 3107 891 3162; x_wconf 89' lang='lat' dir='ltr'><strong>tempore</strong></span> <span class='ocrx_word' id='word_1_274' title='bbox 910 3096 973 3161; x_wconf 86' lang='lat' dir='ltr'><strong>luit,</strong></span> <span class='ocrx_word' id='word_1_275' title='bbox 998 3111 1074 3159; x_wconf 89' lang='lat' dir='ltr'><strong>quam</strong></span> 
     </span>
     <span class='ocr_line' id='line_1_40' title="bbox 294 3168 1075 3232; baseline -0.008 -11"><span class='ocrx_word' id='word_1_276' title='bbox 294 3172 362 3232; x_wconf 84' lang='lat' dir='ltr'><strong>quod</strong></span> <span class='ocrx_word' id='word_1_277' title='bbox 380 3179 424 3220; x_wconf 90' lang='lat' dir='ltr'><strong>aut</strong></span> <span class='ocrx_word' id='word_1_278' title='bbox 443 3170 535 3220; x_wconf 78' lang='lat' dir='ltr'><strong>Caesar</strong></span> <span class='ocrx_word' id='word_1_279' title='bbox 552 3170 663 3231; x_wconf 87' lang='lat' dir='ltr'><strong>aliquem</strong></span> <span class='ocrx_word' id='word_1_280' title='bbox 680 3168 838 3232; x_wconf 89' lang='lat' dir='ltr'><strong>proscribere</strong></span> <span class='ocrx_word' id='word_1_281' title='bbox 854 3174 958 3217; x_wconf 86' lang='lat' dir='ltr'><strong>coactus</strong></span> <span class='ocrx_word' id='word_1_282' title='bbox 976 3175 1014 3214; x_wconf 91' lang='lat' dir='ltr'><strong>est</strong></span> <span class='ocrx_word' id='word_1_283' title='bbox 1031 3175 1075 3215; x_wconf 87' lang='lat' dir='ltr'><strong>aut</strong></span> 
     </span>
     <span class='ocr_line' id='line_1_41' title="bbox 294 3234 1073 3302; baseline -0.008 -15"><span class='ocrx_word' id='word_1_284' title='bbox 294 3238 325 3288; x_wconf 91' lang='lat' dir='ltr'><strong>ab</strong></span> <span class='ocrx_word' id='word_1_285' title='bbox 342 3239 394 3289; x_wconf 91' lang='lat' dir='ltr'><strong>ullo</strong></span> <span class='ocrx_word' id='word_1_286' title='bbox 414 3239 499 3289; x_wconf 77' lang='lat' dir='ltr'><strong>Cicero</strong></span> <span class='ocrx_word' id='word_1_287' title='bbox 517 3239 675 3302; x_wconf 86' lang='lat' dir='ltr'><strong>proscriptus</strong></span> <span class='ocrx_word' id='word_1_288' title='bbox 693 3244 731 3285; x_wconf 87' lang='lat' dir='ltr'><strong>est</strong></span> <span class='ocrx_word' id='word_1_289' title='bbox 748 3238 897 3298; x_wconf 88' lang='lat' dir='ltr'><strong>abscisaque</strong></span> <span class='ocrx_word' id='word_1_290' title='bbox 915 3234 1010 3284; x_wconf 87' lang='lat' dir='ltr'><strong>scelere</strong></span> <span class='ocrx_word' id='word_1_291' title='bbox 1022 3237 1073 3282; x_wconf 87' lang='lat' dir='ltr'><strong>Au·</strong></span> 
     </span>
     <span class='ocr_line' id='line_1_42' title="bbox 292 3303 1073 3371; baseline -0.008 -15"><span class='ocrx_word' id='word_1_292' title='bbox 292 3309 357 3356; x_wconf 91' lang='lat' dir='ltr'><strong>tonii</strong></span> <span class='ocrx_word' id='word_1_293' title='bbox 379 3323 431 3357; x_wconf 81' lang='lat' dir='ltr'><strong>vox</strong></span> <span class='ocrx_word' id='word_1_294' title='bbox 452 3307 556 3371; x_wconf 89' lang='lat' dir='ltr'><strong>publica</strong></span> <span class='ocrx_word' id='word_1_295' title='bbox 582 3313 636 3369; x_wconf 85' lang='lat' dir='ltr'><strong>est,</strong></span> <span class='ocrx_word' id='word_1_296' title='bbox 664 3320 721 3355; x_wconf 90' lang='lat' dir='ltr'><strong>cnm</strong></span> <span class='ocrx_word' id='word_1_297' title='bbox 741 3308 795 3355; x_wconf 90' lang='lat' dir='ltr'><strong>eius</strong></span> <span class='ocrx_word' id='word_1_298' title='bbox 812 3304 919 3354; x_wconf 89' lang='lat' dir='ltr'><strong>salutem</strong></span> <span class='ocrx_word' id='word_1_299' title='bbox 937 3317 1011 3352; x_wconf 89' lang='lat' dir='ltr'><strong>nemo</strong></span> <span class='ocrx_word' id='word_1_300' title='bbox 1030 3303 1073 3351; x_wconf 89' lang='lat' dir='ltr'><strong>de-</strong></span> 
     </span>
     <span class='ocr_line' id='line_1_43' title="bbox 293 3372 1073 3440; baseline -0.013 -14"><span class='ocrx_word' id='word_1_301' title='bbox 293 3375 432 3440; x_wconf 77' lang='lat' dir='ltr'><strong>fendisset,</strong></span> <span class='ocrx_word' id='word_1_302' title='bbox 455 3377 500 3438; x_wconf 90' lang='lat' dir='ltr'><strong>qui</strong></span> <span class='ocrx_word' id='word_1_303' title='bbox 522 3389 570 3438; x_wconf 90' lang='lat' dir='ltr'><strong>per</strong></span> <span class='ocrx_word' id='word_1_304' title='bbox 586 3382 623 3423; x_wconf 93' lang='lat' dir='ltr'><strong>tot</strong></span> <span class='ocrx_word' id='word_1_305' title='bbox 639 3388 720 3423; x_wconf 86' lang='lat' dir='ltr'><strong>annos</strong></span> <span class='ocrx_word' id='word_1_306' title='bbox 737 3381 762 3423; x_wconf 91' lang='lat' dir='ltr'><strong>et</strong></span> <span class='ocrx_word' id='word_1_307' title='bbox 778 3373 906 3438; x_wconf 89' lang='lat' dir='ltr'><strong>publicam</strong></span> <span class='ocrx_word' id='word_1_308' title='bbox 925 3372 1032 3420; x_wconf 87' lang='lat' dir='ltr'><strong>civitatis</strong></span> <span class='ocrx_word' id='word_1_309' title='bbox 1050 3379 1073 3417; x_wconf 89' lang='lat' dir='ltr'><strong>et</strong></span> 
     </span>
     <span class='ocr_line' id='line_1_44' title="bbox 294 3437 1070 3510; baseline -0.015 -15"><span class='ocrx_word' id='word_1_310' title='bbox 294 3446 419 3510; x_wconf 80' lang='lat' dir='ltr'><strong>privatam</strong></span> <span class='ocrx_word' id='word_1_311' title='bbox 437 3443 532 3494; x_wconf 84' lang='lat' dir='ltr'><strong>civium</strong></span> <span class='ocrx_word' id='word_1_312' title='bbox 550 3438 709 3492; x_wconf 79' lang='lat' dir='ltr'><strong>defenderat.</strong></span> <span class='ocrx_word' id='word_1_313' title='bbox 745 3440 813 3491; x_wconf 89' lang='lat' dir='ltr'><strong>Nihil</strong></span> <span class='ocrx_word' id='word_1_314' title='bbox 830 3452 915 3490; x_wconf 87' lang='lat' dir='ltr'><strong>tamen</strong></span> <span class='ocrx_word' id='word_1_315' title='bbox 934 3440 1019 3502; x_wconf 81' lang='lat' dir='ltr'><strong>egisti,</strong></span> <span class='ocrx_word' id='word_1_316' title='bbox 1036 3437 1070 3485; x_wconf 91' lang='lat' dir='ltr'><strong>M.</strong></span> 
     </span>
    </p>
   </div>
   <div class='ocr_carea' id='block_1_5' title="bbox 0 0 1292 3892">
    <p class='ocr_par' dir='ltr' id='par_1_5' title="bbox 0 0 1292 3892">
     <span class='ocr_line' id='line_1_45' title="bbox 0 0 1292 3892; baseline 0 5"><span class='ocrx_word' id='word_1_317' title='bbox 0 0 1292 3892; x_wconf 95' lang='lat' dir='ltr'><strong> </strong></span> 
     </span>
    </p>
   </div>
  </div>
 </body>
</html>
