2575 3892
131 210 194 273 110
504 208 555 267 DE
570 206 804 269 INVENTIONE
1046 296 1062 323 ο
1159 218 1179 270 8
1273 146 1275 191 1

129 360 381 437 rmpedimantum
395 357 524 432 reliquis
540 355 715 432 praeceptis
727 355 869 415 intulisse
881 354 1050 414 videamur.
1073 355 1106 415 Si
1118 357 1176 417 de-

128 444 269 505 liberatio
285 452 315 504 et
329 440 549 503 demonstratio
564 456 680 515 genera
694 448 766 500 sunt
776 454 948 510 causarmn,
963 454 1025 498 non
1037 451 1177 513 possunt
1275 428 1276 495 j

128 538 213 588 recte
228 532 333 601 partes
351 523 481 586 alicuius
496 523 618 599 generis
634 538 749 584 causae
764 522 873 597 putari.
891 521 1008 581 Eadem
1023 522 1105 582 enim
1118 541 1175 585 res

15 666 18 679 ‚
129 611 181 671 alii
202 626 301 685 genus
323 625 410 683 esse,
434 607 486 667 alii
500 623 573 683 pars
588 614 707 682 potest;
735 605 835 665 eidem
849 620 948 681 genus
964 622 1037 666 esse
1051 614 1082 668 et
1095 623 1173 682 pars

130 712 192 755 non
213 702 326 769 potest.
362 689 549 752 Deliberatio
570 697 673 750 autem
687 698 718 749 ει
732 689 952 750 demonstratio
968 704 1083 762 genera
1098 700 1173 751 sunt

130 794 303 838 causarum.
338 777 415 837 Nam
435 782 488 836 aut
507 775 631 834 nullum·
644 789 759 834 causae
780 788 879 846 genus
895 781 943 832 cst
957 782 1011 833 aut
1024 772 1173 833 iudiciale

130 863 230 923 solum
251 869 303 921 aut
324 868 354 920 et
373 858 517 918 iudiciale
538 867 569 917 et
588 855 864 917 demonstrativum
878 863 910 916 et
924 855 1170 917 deliberativum.

128 946 250 1005 Nullum
264 943 368 1003 dicere
383 957 496 1001 causae
512 957 584 1001 esse
600 956 709 1015 genus,
732 956 826 1014 quum
841 955 953 1000 causas
968 955 1043 1000 esse
1057 941 1170 1001 multas

129 1028 211 1088 dicat
231 1036 261 1087 ct
281 1025 313 1086 in
333 1042 388 1087 eas
408 1028 575 1103 praccepta
590 1025 656 1094 det,
683 1022 815 1084 amentia
829 1030 891 1093 est;
916 1038 1010 1083 unum
1025 1021 1170 1084 iudiciale

129 1119 231 1172 autem
252 1111 353 1170 solum
373 1124 445 1169 esse
468 1107 520 1183 qui
541 1115 659 1183 potest,
686 1123 781 1182 quum
802 1105 981 1166 deliberatio
997 1114 1028 1166 et
1042 1107 1169 1167 demon-

130 1192 235 1254 stratio
251 1208 354 1267 neque
366 1193 455 1268 ipsae
471 1189 587 1252 similes
599 1190 678 1250 inter
693 1206 728 1251 se
743 1190 804 1250 sint
818 1198 847 1249 et
858 1188 897 1249 ab
908 1188 1044 1249 iudiciali
1054 1196 1170 1265 genere

15 1280 18 1289 '
128 1277 292 1351 plurimum
307 1274 478 1335 dissideant
489 1281 520 1334 et
530 1288 621 1333 suum
633 1274 881 1357 quaequeniinem
891 1272 1019 1344 habeat,
1046 1289 1169 1352 quore—
1277 1344 1278 1361 χ

130 1358 202 1419 lerri
224 1359 355 1418 debeat?
399 1355 594 1431 Relinquitur
613 1373 704 1432 ergo,
729 1365 763 1416 ut
784 1356 886 1417 omnia
906 1356 964 1417 tria
976 1373 1088 1431 genera
1102 1357 1169 1417 sint
1277 1376 1278 1379 ¹

69 1512 71 1515 ,
131 1458 301 1504 causarum.
334 1440 520 1501 Deliberatio
541 1439 633 1515 igitur
652 1448 683 1501 et
700 1439 920 1502 demonstratio
947 1457 1009 1501 non
1033 1449 1169 1515 possunt
1277 1448 1278 1453 ’

128 1535 213 1587 recte
234 1533 338 1602 partes
354 1523 484 1585 ollamus
499 1525 621 1598 generis
637 1540 751 1585 causae
766 1522 875 1599 putari.
911 1524 992 1584 Male
1006 1523 1097 1599 igitur
1111 1540 1168 1584 eas

129 1609 282 1685 generalis
297 1607 524 1670 constitutionis
539 1617 644 1683 partes
660 1624 733 1669 esse
748 1603 835 1668 dixit.

207 1696 243 1755 X.
267 1693 316 1754 13.
341 1692 458 1767 Quodsi
473 1693 596 1768 generis
612 1708 726 1752 causae
741 1700 846 1767 partes
860 1698 1070 1765 nonpossunt
1083 1699 1166 1753 recte

131 1778 244 1852 putari,
270 1779 363 1842 multo
384 1776 485 1837 minus
505 1785 590 1836 reete
609 1774 706 1851 partis
722 1792 835 1836 causae
850 1782 954 1851 partes
969 1774 1165 1849 putabuntur.

130 1862 203 1920 Pars
217 1870 318 1921 autem
333 1877 446 1921 causae
462 1869 510 1921 est
524 1858 699 1920 constitutio
715 1858 824 1919 omnis.
845 1859 913 1918 Non
928 1858 1009 1918 euim
1021 1875 1116 1920 causa
1126 1859 1166 1919 ad

131 1943 393 2017 constitutionem,
419 1943 476 2003 sed
499 1942 675 2003 constitutio
695 1944 736 2002 ad
757 1958 883 2002 causam
906 1944 1163 2004 accommodatur.

129 2029 169 2089 Et
193 2027 416 2087 demonstratio
443 2035 474 2086 et
509 2023 688 2086 deliberatio
710 2025 833 2100 generis
855 2041 969 2087 causae
983 2035 1088 2100 partes
1101 2040 1164 2085 non

131 2116 262 2180 possunt
282 2115 366 2166 recte
386 2106 502 2181 putari,
527 2109 613 2184 quod
633 2109 703 2184 ipsa
725 2117 796 2170 sunt
810 2125 939 2184 genera;
964 2112 1060 2171 multo
1076 2108 1165 2185 igitur

129 2189 230 2249 minus
250 2198 334 2250 recte
349 2188 544 2265 permotus,
560 2188 653 2269 quam
670 2192 720 2252 hic
735 2192 822 2265 dicit,
849 2202 954 2269 partes
969 2195 1164 2268 putabuntur.

62 2294 67 2303 ·
128 2272 247 2334 Deinde
262 2272 289 2334 si
304 2272 480 2354 constitutio
493 2282 523 2335 et
534 2272 604 2351 ipsa
615 2283 644 2335 et
656 2292 729 2351 pars
742 2276 813 2337 eius·
822 2276 977 2351 quaelibet
987 2276 1164 2339 intentionis

129 2356 271 2433 depulsio
288 2365 344 2433 est,
367 2373 447 2432 quae
461 2357 637 2419 intentionis
653 2360 796 2435 depulsio
812 2378 873 2420 non
889 2368 945 2433 εει,
966 2376 1005 2420 ea
1019 2377 1077 2421 nec
1091 2377 1164 2421 con-

129 2440 244 2500 stitutio
266 2457 323 2500 nec
345 2458 418 2516 pars
434 2441 660 2502 constitutionis
675 2450 732 2503 est.
766 2445 807 2503 At
821 2442 863 2517 si,
891 2458 972 2520 quae
987 2443 1164 2505 intentionis

128 2523 269 2598 depulsio
291 2540 352 2583 non
374 2532 436 2594 εει,
463 2539 500 2583 ea
511 2540 568 2583 nec
584 2524 759 2585 constitutio
775 2543 832 2587 nec
846 2543 920 2602 pars
936 2525 1162 2589 constitutionis

128 2613 190 2679 est,
224 2610 403 2672 deliberatio
420 2618 451 2669 et
467 2608 688 2670 demonstratio
708 2623 810 2684 neque
825 2610 1001 2672 constitutio
1015 2625 1072 2671 nec
1087 2624 1163 2684 pars

128 2688 355 2751 constitutionis
376 2697 433 2751 est.
468 2688 501 2750 Si
520 2688 611 2766 igitur
632 2691 807 2753 constitutio
830 2703 860 2756 ει
880 2693 951 2769 ipsa
964 2704 994 2756 et
1007 2710 1081 2770 pers
1095 2690 1164 2753 eius

127 2772 304 2837 intentionis
326 2773 468 2850 depulsio
491 2783 553 2849 est,
581 2775 758 2837 deliberatio
780 2785 811 2838 et
825 2777 1045 2839 demonstratio
1060 2792 1165 2852 neque

128 2857 305 2922 constitutio
326 2875 428 2936 neque
443 2875 518 2935 pars
534 2858 763 2921 constitutionis
777 2869 835 2922 est.
869 2861 973 2923 Placet
986 2870 1089 2923 autem
1103 2858 1165 2935 ipsi

127 2942 375 3006 constitutionem
396 2939 572 3003 intentionis
594 2956 667 3003 esse
681 2943 911 3020 depulsionem
937 2948 1060 3021 placcat
1073 2943 1165 3019 igitur

127 3033 250 3098 oportet
270 3025 560 3088 demonstrationem
575 3035 606 3088 et
620 3027 871 3089 deliberationem
884 3044 948 3089 non
962 3044 1036 3089 esse
1051 3024 1163 3089 consti-

9 3135 11 3138 *
125 3104 345 3180 tutionemncc
359 3119 478 3184 partem
493 3108 728 3172 constitutIonis.
756 3114 858 3187 Atque
872 3113 933 3173 hoc
949 3112 1061 3174 eodem
1074 3124 1164 3184 urge·

125 3186 215 3281 bitur,
231 3189 297 3250 sive
311 3192 559 3254 constitutionem
573 3192 703 3269 primam
717 3211 830 3256 causae
845 3194 1037 3256 accusatoris
1053 3194 1165 3255 confir·

126 3275 290 3327 mationem
315 3273 426 3335 dixerit
451 3275 518 3337 sive
542 3276 716 3339 defensoris
742 3277 871 3354 primam
896 3278 1164 3355 deprecationem

127 3365 196 3409 narn
212 3364 282 3407 eum
296 3354 404 3444 eadem
420 3357 522 3418 omniu
536 3360 732 3423 incommoda
745 3370 924 3438 sequentur.

204 3425 254 3488 14.
282 3431 400 3493 llemde
425 3439 640 3504 coniecturalis
667 3461 762 3506 causa
786 3461 848 3507 non
875 3453 979 3521 polest
1003 3443 1095 3506 simul
1125 3459 1167 3504 cx
