2575 3892
115 173 178 238 104
480 172 532 231 DE
546 171 779 230 INVENTIONE

113 326 205 386 nibus
225 324 406 399 protectum.
441 322 477 379 ll.
498 321 575 381 Nam
595 319 652 381 luit
672 320 828 395 qu'oddam
837 326 980 394 tempus,
1009 336 1104 394 quum
1122 321 1156 380 in

115 408 197 482 agris
221 405 361 466 homines
385 403 503 480 passim
527 402 695 464 bestiarum
719 416 805 463 more
830 403 1020 477 vagabantur
1039 411 1070 462 et
1091 403 1158 464 sibi

115 493 198 551 victu
215 492 280 549 iero
297 488 389 548 vitam
403 488 629 563 propagabant,
655 504 713 547 nec
727 486 847 547 ratione
861 484 953 545 animi
969 483 1153 560 quidquam,

116 574 173 633 sed
186 574 335 648 pleraque
349 571 465 631 viribus
481 570 621 646 corporis
636 570 903 639 administrabant3
920 570 1057 630 nondum
1072 568 1155 628 divi-

115 673 174 716 nae
188 653 359 729 religionis,
382 672 443 715 non
458 654 583 714 humani
598 653 693 714 ollicii
707 653 784 715 ratio
800 654 972 725 colebatur,
989 669 1079 712 nemo
1094 670 1153 713 nu-

115 739 195 815 ptias
217 737 335 798 viderat
354 736 520 811 legitimas,
544 755 607 798 non
628 746 729 798 certos
746 737 909 812 quisquam
936 745 1101 810 aspexerat
1114 736 1154 796 li-

115 823 225 893 beros,
248 838 319 892 non,
341 821 390 881 ius
404 820 567 896 aequabile
583 820 657 896 quid
672 819 807 881 utilitatis
823 821 958 893 haberet,
975 828 1152 895 acceperat.

115 908 160 966 lta
181 913 307 980 propter
326 920 460 964 errorem
481 913 574 979 atque
593 903 785 964 inscientiam
809 919 902 964 caeca
926 919 963 963 ac
989 902 1154 964 temeraria

116 987 301 1050 dominatrix
321 986 414 1047 animi
434 986 588 1062 cupiditas
609 988 650 1046 ad
672 1003 706 1046 se
727 987 913 1062 explendam
938 985 1057 1046 viribus
1081 1003 1153 1046 cor-

117 1072 202 1147 poris
217 1072 405 1143 abutebatur,
422 1067 694 1145 perniciosissimis
710 1069 900 1130 satellitibus.
928 1070 995 1143 Quo
1010 1079 1153 1145 tempore

117 1154 249 1229 quidam,
265 1170 393 1227 magnus
408 1153 552 1213 videlicet
567 1153 657 1213 viret
672 1154 807 1230 sapiens,
824 1153 978 1227 cognovit,
995 1169 1075 1227 quae
1085 1170 1152 1212 ma-

115 1236 208 1297 teries
230 1245 261 1295 et
283 1246 397 1310 quanta
416 1238 457 1296 ad
471 1235 621 1296 maximas
635 1252 687 1296 res
703 1235 918 1312 opportunitas
934 1236 965 1296 in
977 1235 1088 1295 animis
1103 1236 1151 1294 in-

116 1328 200 1379 esset
219 1318 391 1390 hominum,
417 1318 444 1378 si
465 1318 535 1394 quis
551 1335 618 1378 eam
632 1329 742 1394 posset
756 1318 868 1380 elicere
884 1329 914 1379 et
928 1318 1152 1395 praecipiendo

115 1401 273 1465 meliorem
287 1401 433 1472 reddere;
450 1401 502 1476 qui
515 1400 676 1477 dispersos
687 1401 828 1463 homines
839 1402 870 1462 in
882 1403 964 1478 agris
977 1410 1006 1462 et
1015 1401 1046 1460 in
1057 1401 1152 1461 tectis

116 1485 309 1546 silvestribus
324 1484 446 1546 abditos
460 1484 579 1545 ratione
595 1486 728 1559 quadam
743 1484 890 1562 compulit
900 1504 993 1547 unum
1003 1484 1151 1546 inlocum

116 1578 146 1629 et
161 1567 359 1645 congregavit
372 1578 403 1629 et
418 1585 473 1630 eos
488 1568 519 1628 in
534 1586 626 1629 unam
641 1586 796 1645 quamque
809 1586 874 1629 rem
886 1569 1036 1632 inducens
1045 1567 1149 1631 utilem

115 1662 207 1727 atquc
222 1653 391 1722 honestam,
407 1652 506 1727 primo
521 1661 650 1728 propter
663 1652 856 1713 insolentiam
867 1654 1079 1725 reclamantes,
1096 1653 1148 1711 de-

115 1735 186 1794 inde
207 1746 335 1811 propter
348 1735 498 1796 rationem
512 1746 604 1811 atque
620 1735 789 1796 orationem
804 1735 972 1798 studiosius
988 1735 1149 1797 audientes

116 1836 156 1878 ex
176 1821 249 1879 ieris
271 1829 302 1880 et
322 1818 504 1880 immanibus
524 1819 614 1880 mites
634 1818 769 1879 reddidit
783 1827 813 1879 et
826 1828 1015 1880 mansuetos.
1050 1818 1080 1879 3.
1101 1821 1149 1877 Ae

115 1901 188 1960 mihi
209 1903 332 1977 quidem
352 1903 474 1962 videtur
494 1901 554 1963 hoc
574 1917 632 1961 nec
653 1900 745 1961 tacita
764 1919 822 1962 nec
843 1901 933 1981 inops
955 1901 1078 1962 dicendi
1098 1918 1149 1959 sa-

114 1985 231 2058 pientia
244 1985 394 2058 perficere
409 1984 559 2059 potuisse,
575 1993 608 2045 ut
621 1984 762 2045 homines
778 2003 797 2044 a
811 1985 1034 2047 consuetudine
1047 1982 1148 2045 subito

115 2074 308 2126 converteret
329 2069 419 2126 etad
441 2067 581 2127 diversas
601 2066 737 2128 rationes
760 2068 841 2130 vitae
861 2070 1045 2129 traduceret.
1080 2068 1150 2142 Age

114 2165 199 2221 vero,
215 2149 341 2211 urbibus
356 2148 538 2224 constitutis,
554 2159 587 2211 ut
600 2151 693 2211 iidem
705 2153 808 2212 colere
819 2161 850 2213 et
860 2150 1004 2218 iustitiam
1016 2152 1150 2212 retinere

115 2231 270 2293 discerent
284 2243 314 2294 et
328 2233 396 2293 aliis
411 2251 521 2308 parere
537 2251 594 2295 sua
607 2237 764 2295 voluntate
780 2245 1020 2296 consuescerent
1034 2252 1071 2295 ac
1086 2253 1149 2295 non

115 2317 207 2377 rnodo
229 2317 351 2377 labores
374 2317 577 2392 excipiendos
599 2318 769 2379 communis
786 2318 940 2381 commodi
955 2335 1063 2392 causa,
1091 2319 1150 2378 sed

115 2399 206 2460 etiam
217 2399 309 2460 vitam
320 2399 514 2461 amittendam
526 2400 748 2462 existimarent:
762 2402 815 2478 qui
826 2404 948 2463 tandem
959 2402 1025 2478 lieri
1036 2401 1148 2476 potuit,

114 2480 174 2540 nisi
193 2483 333 2542 homines
349 2500 399 2556 ea,
426 2482 638 2557 quaeratione
654 2484 859 2559 invenissent,
886 2484 1059 2561 eloquentia
1072 2501 1147 2558 per-

114 2563 246 2624 suadere
261 2566 456 2640 potuissent?
480 2566 620 2629 Proiecto
636 2585 725 2628 nemo
740 2569 800 2629 nisi
815 2569 901 2644 gravi
917 2580 947 2630 et
962 2567 1046 2629 suavi
1061 2577 1151 2627 com⁴

112 2656 214 2709 motus
231 2647 382 2722 oratione,
411 2668 503 2725 quum
517 2650 634 2712 viribus
649 2651 812 2727 plurimum
827 2664 951 2729 posset,
974 2653 1014 2712 ad
1028 2651 1079 2711 ius
1090 2667 1148 2717 vo·

113 2730 221 2793 luisset
241 2731 308 2793 sinc
327 2733 358 2792 vi
379 2735 583 2807 descendere,
610 2744 643 2795 ut
662 2733 741 2796 inter
764 2754 843 2812 quos
858 2745 969 2812 posset
983 2735 1147 2808 excellere,

113 2832 181 2876 cum
206 2816 244 2878 iis
259 2834 295 2877 se
309 2824 465 2892 pateretur
479 2817 604 2893 aequari
619 2826 716 2880 elsua
727 2822 883 2882 voluntate
895 2837 914 2880 a
924 2817 1149 2881 iucundissima

106 2900 334 2963 consuetudine
355 2903 528 2976 recederet,
555 2918 634 2978 quae
654 2903 836 2978 praesertim
855 2903 917 2964 iam
937 2910 1063 2963 naturae
1084 2898 1148 2959 vim

112 2983 263 3043 obtineret
283 2994 412 3060 propter
425 2992 617 3046 vetustatem.
651 2988 699 3046 Ac
713 2987 813 3062 primo
829 2985 954 3062 quidem
970 2986 1015 3049 sic
1029 2994 1060 3045 et
1074 2992 1147 3061 nata

111 3071 142 3155 et
163 3080 329 3137 progressa
350 3067 472 3141 longius
493 3067 669 3142 eloquentia
682 3065 810 3131 'videtur
825 3080 855 3130 et
869 3069 941 3130 item
956 3076 1068 3145 postea
1082 3082 1146 3125 ma·

110 3144 202 3204 xrmis
224 3145 254 3204 in
268 3150 361 3211 rebus
376 3150 464 3224 pacis
480 3158 510 3211 et
526 3150 599 3211 belli
615 3169 684 3213 cum
699 3152 825 3213 summis
841 3153 996 3215 hominmn
1011 3149 1146 3212 utilitati-

108 3224 169 3282 bus
194 3242 266 3318 esse
290 3241 425 3292 versata:
455 3242 625 3308 ‘postquam
650 3252 724 3294 vero
752 3235 955 3297 commoditas
982 3234 1146 3309 quaedam,

109 3319 208 3376 prava
222 3309 340 3369 virtutis
355 3311 512 3386 imitatrix,
536 3317 603 3377 sine
618 3317 737 3378 ratione
752 3318 862 3390 oflicii,
884 3318 1007 3377 dicendi
1023 3314 1147 3391 copiam

111 3395 278 3446 consecuta
293 3401 355 3463 est,
376 3401 439 3450 turn
454 3394 578 3467 ingenio
593 3401 671 3458 lreta
684 3400 798 3461 malitia
811 3408 990 3474 pervertere
1005 3401 1100 3458 urbes
1115 3406 1149 3457 ct
