2575 3892
126 206 217 250 xxxii
377 184 603 236 MEMORABILIA
620 184 721 234 VITAE
741 183 906 233 CICERONIS

138 374 184 410 saul
226 372 272 410 tnta

137 417 158 452 U.
165 415 186 451 C.
224 414 243 451 C.
251 417 272 451 lt.

334 487 454 537 Consules
475 501 508 536 ex
525 487 669 550 interregno
689 485 865 551 magistratum
887 484 983 535 ineunt.
1019 484 1077 532 Pro

300 557 397 606 vinciae
420 555 452 603 iis
475 555 501 604 in
524 555 723 617 quinquennium
748 554 929 612 decernuntur,
957 553 1077 617 Pompeio

300 620 435 690 Hispaniae
451 638 509 672 cnm
525 623 627 682 Africa,
649 621 739 671 Crasso
757 619 845 686 Syria,
863 620 960 673 Galliae
978 620 1079 672 Caesari

300 696 325 742 in
337 694 443 743 alterum
456 692 656 754 quinquennium
667 697 844 755 prorogantur.
871 690 1009 754 Pompeius
1019 704 1079 754 pro-

299 763 394 813 vinoies
412 775 472 810 sues
490 775 536 825 per
552 759 651 824 legatos
663 758 796 808 Afranium
815 766 840 807 ct
853 759 979 809 Petreium
997 752 1078 807 adrui-

299 831 401 881 nistrari
418 829 501 888 iubet,
527 829 583 891 ipae
604 829 631 876 in
649 827 721 877 Italis
738 834 831 875 manet.
867 827 902 875 M.
922 826 1029 875 Crassus
1046 826 1079 874 ad

300 898 391 949 bellum
403 895 504 946 Parthis
516 895 676 946 inferendum
687 894 820 957 antequem
831 895 968 959 paludatus
980 896 1007 944 in
1018 908 1078 958 pro-

300 967 409 1016 vinciam
425 965 520 1024 exiret,
539 965 610 1028 apud
622 964 767 1018 Ciceronem
779 965 806 1014 in
818 962 976 1028 Crassipedis
990 963 1079 1027 generi

298 1035 378 1084 bortis
414 1040 495 1087 cenat.

274 1137 275 1140 κ
331 1103 386 1152 Hoc
410 1116 475 1151 anuo
498 1100 586 1151 Cicero
612 1103 751 1151 orationem
778 1100 868 1151 habuit
896 1101 924 1148 in
952 1100 1077 1158 Pisonem,

298 1172 449 1235 scripsitque
463 1170 540 1220 libros
555 1178 605 1219 tres
621 1171 653 1220 de
666 1169 804 1226 Oratore,·1
823 1177 851 1217 nt
868 1183 994 1241 nonnemo
1013 1166 1078 1217 falso

300 1239 359 1298 volt,
380 1241 456 1288 ctiam
474 1239 552 1289 libros
568 1246 622 1288 tres
639 1240 672 1288 de
688 1238 837 1301 torporibus
854 1239 916 1288 suis.

251 1297 259 1319 ‘
299 1306 370 1356 Coss.
387 1307 417 1355 L.
427 1308 547 1357 Domitius
555 1307 746 1366 Ahenobarbus,
755 1307 825 1370 App.
833 1306 952 1357 Claudius
960 1306 1076 1355 Pulcher.
1113 1292 1148 1347 53

334 1374 420 1424 Cicero
434 1376 524 1426 Crassi
540 1391 644 1426 cansam
658 1377 685 1424 in
699 1385 790 1425 senatu
804 1374 931 1434 defendit3
952 1376 1078 1424 orationes

286 1442 387 1494 ‘babuit
405 1459 453 1508 pro
481 1446 597 1504 Vatinio,
621 1459 669 1509 pro
687 1445 785 1495 Messio
804 1453 828 1494 et
845 1445 946 1504 Druso,
971 1458 1018 1508 pro
1037 1442 1077 1492 M.

299 1512 403 1562 Aenrilio
418 1510 516 1563 Scauro
535 1529 551 1564 a
569 1513 597 1563 C.
612 1512 707 1562 Triario
725 1513 922 1579 repetundorum
939 1511 1077 1577 postulato,

298 1596 344 1645 pro
363 1582 409 1631 Cat.
420 1583 535 1641 Plancio,
553 1597 600 1647 pro
619 1582 653 1630 A.
670 1583 776 1633 Gabinio
793 1583 990 1646 repetundarum
1005 1594 1079 1629 accu-

299 1659 364 1711 sato,
383 1649 473 1715 (quem
484 1658 576 1716 rogatu
587 1651 703 1715 Pompeii
717 1650 857 1713 defendit3)
874 1666 920 1715 pro
933 1650 961 1700 C.
974 1649 1080 1698 Rabirio

300 1719 414 1771 Postumo
429 1720 569 1770 maiestatis
587 1734 639 1772 reo.
681 1721 766 1773 Otium
784 1720 908 1783 impendit
922 1719 993 1768 libris
1006 1718 1038 1766 de
1050 1732 1080 1766 re

296 1787 398 1849 publiea
422 1789 597 1839 scribendis.²
639 1787 669 1847 Q.
695 1787 781 1838 Cicero
804 1787 903 1853 legatus
927 1786 1030 1836 Caesari
1054 1787 1080 1834 in

300 1855 407 1907 Gelliam
424 1857 615 1920 proficiscitur.⁸

331 1925 396 1975 Iulia
410 1923 526 1974 Caesaris
540 1925 593 1973 illia
608 1922 652 1972 Cn.
664 1923 778 1987 Pompeii
793 1923 880 1988 Magni
889 1938 956 1971 uxor
965 1924 1078 1973 moritur.

135 1962 192 2043 701Ι
230 1985 264 2038 53
299 1993 369 2042 Coss.
384 2056 385 2059 Ἴ
400 1991 445 2042 Co.
464 1993 585 2042 Domitius
604 1991 730 2050 Caluinus,
751 1990 791 2039 Μ,
815 1993 935 2040 Valerius
951 1990 1078 2040 Messala.
1115 1975 1150 2031 54

332 2061 365 2108 lli
389 2061 505 2109 consules
528 2075 579 2110 non
601 2058 657 2109 Kal.
675 2060 798 2108 Ianuariis
822 2060 998 2124 magistratum
1016 2059 1079 2107 inie-

299 2129 507 2247 pppppisselpnpost
524 2129 598 2193 plnrs
614 2130 759 2194 interregna
775 2142 862 2177 mense
876 2127 958 2191 Aprili
978 2128 1079 2177 demum

334 2264 436 2325 Cicero,
461 2272 597 2332 postquem
619 2264 655 2315 M.
676 2264 781 2315 Croesus
805 2267 918 2315 exercitu
942 2279 957 2315 a
981 2264 1079 2314 Parthis

300 2335 382 2385 deleto
400 2335 518 2399 perierat,
538 2337 563 2384 in
581 2335 637 2384 eius
655 2334 739 2384 locum
756 2349 837 2399 aspar
854 2335 936 2384 iectus
954 2335 1019 2384 est.⁴

136 2402 189 2457 702
231 2400 265 2455 52
300 2401 371 2454 Coss.
407 2403 452 2455 Cn.
471 2402 605 2466 Pompeias
623 2401 877 2470 Masisnissae
895 2404 999 2466 collegis.
1114 2394 1149 2447 65

334 2473 388 2520 Hoc
411 2485 475 2521 anno
500 2471 575 2531 Milo,
599 2471 627 2521 P.
647 2469 759 2520 Plautius
781 2472 930 2536 Hypsaeus,
976 2471 1005 2529 Q.
1026 2468 1079 2519 Me·
1168 2514 1170 2519 .

299 2538 374 2589 tellus
393 2537 477 2604 Scipio
495 2539 667 2598 consulatum,
686 2538 789 2589 Clodius
807 2547 950 2603 praeturam
967 2539 1077 2603 petebat.

300 2608 417 2657 Ambitus
441 2622 492 2656 non
514 2621 585 2656 ruore
607 2609 747 2667 maiorum,
771 2608 818 2656 sed
839 2607 974 2670 largitione
992 2613 1080 2671 aperta

300 2677 435 2741 agebatur:
459 2675 568 2737 deniqne
584 2690 625 2724 res
645 2675 679 2725 ad
695 2676 746 2725 vim
766 2683 790 2725 et
812 2676 916 2724 eaedem
939 2676 1078 2739 spectabat.

300 2744 365 2794 XIII.
380 2745 434 2796 Kal.
448 2744 530 2803 usna,
549 2758 607 2792 cnm
625 2743 685 2792 Milo
699 2742 841 2793 Lanuvium
854 2745 888 2793 ad
901 2743 1029 2792 flaminem
1044 2742 1079 2791 ibi

299 2814 458 2878 prodendum
490 2811 705 2877 proficisceretur,
740 2813 842 2862 obviem
868 2814 893 2861 ei
918 2812 947 2861 fit
975 2811 1079 2861 Clodius

301 2883 387 2935 Aricia
400 2883 501 2933 rediens
518 2890 543 2932 et
556 2896 644 2947 pugna
659 2888 745 2930 coorta
759 2880 914 2933 interficitur.
942 2881 1079 2946 Pompeius

300 2954 331 3002 ab
348 2953 475 3018 interrege
493 2950 548 3001 Ser.
570 2949 681 3015 Sulpicio
699 2949 732 2998 V.
748 2948 803 3000 Kal.
818 2949 921 3000 Martias
941 2965 992 2999 cos.
1009 2964 1078 2998 crea-

300 3028 341 3068 tus
359 3021 492 3083 paullatim
515 3021 597 3087 coepit
615 3034 643 3069 se
661 3034 678 3068 a
693 3016 801 3070 Caesare
819 3029 940 3070 avertere.
970 3017 1077 3068 Uxorem

298 3087 370 3137 ducit
384 3087 533 3148 Corneliam,
552 3090 582 3148 Q.
598 3087 692 3137 Metelli
707 3086 832 3152 Scipionis
847 3089 933 3146 lilium,
952 3101 1078 3136 socerum-

302 3169 350 3217 que
368 3156 417 3205 sibi
434 3157 460 3204 in
477 3159 588 3219 quinque
606 3163 731 3206 extremos
746 3155 822 3205 huius
838 3157 897 3205 anni
912 3170 1012 3204 menses
1028 3157 1078 3205 eol-

302 3222 386 3288 legam
404 3225 429 3272 in
449 3224 579 3273 consulatu
601 3224 757 3288 subrogavit.

331 3382 351 3435 1)
365 3380 393 3421 sd
408 3381 467 3424 Foru.
482 3382 500 3425 1.
515 3382 537 3427 9.
565 3384 587 3436 2)
600 3383 630 3425 de
646 3385 712 3437 Legg.
728 3384 756 3428 ll.
773 3385 808 3428 10.
835 3385 857 3439 3)
872 3384 918 3430 Cir.
934 3384 962 3426 sd
976 3386 1024 3430 stt.
1039 3383 1076 3430 Ν.

305 3435 339 3478 ts.
367 3435 390 3488 t)
404 3435 505 3489 Pblllpp.
518 3436 546 3477 lt.
560 3437 581 3481 l.
595 3437 658 3481 Brut.
672 3437 690 3481 l.
