2575 3892
405 523 771 721 iiiiiiiiiiiiiii

234 779 492 893 muru
538 778 963 894 ursarium

396 947 473 1014 ruit
496 947 628 1014 ANNOS
651 948 836 1018 aluisii.

297 1389 332 1444 M.
346 1389 445 1440 Tullius
457 1389 542 1440 Cicero
561 1399 635 1441 natus
652 1391 757 1456 Arpini⁸
772 1407 796 1440 a.
809 1392 833 1445 (L
844 1393 887 1444 ΙΙΙ.
905 1393 990 1443 Nonas
1005 1392 1045 1442 Ia-

264 1460 393 1519 nuarias⁴,
412 1467 483 1523 patre
501 1459 536 1512 M.
553 1460 634 1511 Tullio
655 1458 783 1522 Ciaerona,
802 1467 882 1510 matre
899 1461 1014 1512 Ηεὶνίιι.ο

298 1527 393 1576 Marius
410 1529 438 1577 in
454 1527 575 1578 Numidia
593 1528 688 1578 beilum
706 1531 771 1594 gerit
789 1537 876 1579 eontra
888 1530 1044 1595 Iugurtham.

269 1624 298 1632 -
315 1594 360 1645 Cu.
379 1594 516 1659 Pompeius
532 1597 641 1660 Magnus
657 1604 732 1646 natue
748 1598 814 1661 prid.
831 1597 887 1646 Kal.
905 1598 957 1653 oo.

298 1728 422 1791 Iugurtha
438 1729 468 1777 L.
489 1728 603 1779 Cornelio
623 1729 718 1787 Sullae,
736 1732 810 1778 Marii
828 1731 971 1789 quaestori,
990 1731 1046 1778 vin·

267 1803 321 1842 otus
340 1794 456 1852 traditur,
476 1795 507 1843 ab
526 1810 607 1856 eoque
626 1796 660 1843 ad
676 1795 784 1844 Marium
803 1794 945 1844 deducitur.

300 1931 328 1981 Ο,
341 1930 437 1983 Marius
455 1931 510 1984 Kal.
525 1935 577 1984 Ian.
596 1932 628 1982 de
644 1931 768 1998 Iugurtha
784 1930 932 1996 triumphat.
948 1928 1045 1981 Bellum

264 2002 387 2053 adversus
406 2001 520 2053 Gimbros
539 2011 563 2051 et
578 2000 706 2052 Teutonos
721 2001 871 2052 decernitur.

296 2141 369 2191 Hunc
387 2155 480 2191 annum
500 2140 596 2191 Marius
616 2141 644 2190 in
666 2141 813 2204 apparando
832 2138 898 2189 bello
918 2138 1042 2189 Cimbrico

263 2210 398 2260 consumit.
435 2209 532 2259 Eodem
558 2217 601 2259 aut
623 2210 754 2272 superiore
777 2216 852 2258 natus
871 2222 927 2258 esse
944 2209 1044 2259 videtur

263 2279 292 2337 Q.
314 2278 400 2328 Gioero
418 2278 496 2328 Marci
515 2278 600 2328 irater⁴

297 2414 324 2466 0.
338 2415 433 2466 Marius
449 2417 577 2466 Teutonos
596 2423 621 2464 et
637 2415 780 2467 Ambronas
797 2414 831 2464 ad
847 2426 926 2476 aquas
944 2411 1043 2466 Sextias

261 2500 340 2550 prope
354 2484 496 2535 Massiliam
511 2486 598 2535 vineit.
610 2514 645 2524 -
657 2484 783 2534 Antonius
801 2491 884 2533 orator
901 2484 1043 2532 maritimos

260 2555 402 2618 praedones
417 2555 587 2620 persequitur.
615 2552 722 2603 Archias
738 2555 814 2621 poita
826 2552 932 2603 Romam
946 2551 1040 2602 venit.⁶

95 2622 148 2676 653
184 2627 233 2679 101
262 2622 332 2672 Coss.
361 2623 389 2674 0.
410 2623 513 2674 Mariae
535 2625 579 2681 V.‚
598 2620 648 2673 Μ’.
667 2622 793 2687 Aquiliae.

295 2691 338 2743 Μ’.
347 2691 465 2753 aquilius
482 2707 533 2742 cos.
548 2691 671 2741 adversus
686 2691 809 2756 fugitivos
821 2690 846 2739 in
857 2688 968 2739 Siciliam
982 2685 1042 2733 mis-

306 2887 326 2937 1)
340 2887 364 2927 in
379 2890 442 2929 aunis
457 2889 509 2928 anie
524 2883 637 2928 Christum
652 2888 741 2933 natum,
755 2894 799 2934 quo
814 2883 921 2922 vitaretur
934 2877 1041 2941 fontasio,

263 2940 334 2979 secuti
347 2938 423 2982 eumue
438 2940 551 2993 volgarem
565 2941 686 2984 rationem,
706 2936 729 2976 ta
743 2938 779 2975 est
793 2932 955 2994 Almeloveeort
969 2932 992 2994 pt
1006 2929 1041 2972 St.

263 2990 348 3033 Ailaisii
369 2995 424 3043 (Ari
440 2993 468 3036 cie
486 2990 578 3041 airifier
602 2991 635 3031 ies
659 2989 722 3030 dates
741 2988 810 3027 avani
829 2985 887 3024 i'ere
905 2982 1040 3026 ciriacam.

263 3047 332 3090 Paris.
352 3048 438 3101 lilii),
454 3059 482 3089 ex
505 3056 550 3098 qua
565 3043 670 3087 christu·
682 3044 748 3082 natus
763 3043 798 3081 est
811 3049 833 3084 a.
849 3049 872 3082 u.
888 3048 908 3082 c.
924 3038 972 3082 75⁴.
988 3037 1039 3102 vap.

260 3111 310 3143 ron.
326 3101 371 3142 ath
386 3103 504 3142 numerant
517 3110 546 3140 ex
559 3109 618 3140 auno
629 3096 767 3139 Varroniano
779 3093 836 3143 iii„
847 3093 879 3135 ita
892 3095 917 3133 ut
930 3104 944 3134 a
957 3095 1041 3133 nostrus

261 3153 357 3196 numeris
377 3156 399 3197 in
413 3150 601 3197 memorabilibus
615 3151 676 3193 oiiue
691 3148 810 3192 Ciceronis
824 3146 885 3200 apud
898 3145 1041 3189 Schuaizium

260 3210 283 3247 ei
297 3207 442 3250 Matthiaeum
460 3210 484 3250 in
498 3206 610 3260 Epistolis
625 3205 673 3247 cic.
692 3204 752 3246 terni
773 3203 824 3243 snut
843 3200 968 3241 deducendi
986 3201 1040 3243 sint.

261 3259 343 3302 Noster
358 3263 426 3313 igitur
441 3272 511 3302 annue
526 3272 547 3305 a.
561 3259 650 3304 chun.
665 3258 712 3302 1⁰6.
726 3259 773 3300 ritis
787 3259 822 3298 eut
838 3255 893 3304 1⁰3„
908 3257 985 3296 notter
997 3253 1040 3302 tt„

260 3322 304 3364 quo
320 3315 399 3356 Cicero
413 3317 501 3357 ocehue
517 3318 564 3365 est,
579 3314 614 3359 4⁰.
642 3309 700 3352 Vera
714 3314 787 3352 autern
801 3310 858 3349 ratio
871 3321 885 3349 a
898 3306 1039 3349 Sanclerneu·

259 3369 291 3408 iio
304 3370 326 3408 at
341 3368 429 3409 itielaro
442 3367 594 3410 demonstrata
609 3363 665 3404 haee
679 3368 721 3413 esi,
737 3367 762 3404 ni
776 3361 879 3404 christus
893 3364 959 3401 uatus
974 3361 1004 3401 eit
1018 3370 1040 3401 a.

261 3421 452 3465 neuwen.
493 3420 595 3471 i)Brui.
611 3418 644 3459 ii.
688 3416 711 3467 3)
726 3418 795 3469 Legg.
811 3416 837 3456 ΙΙ.
856 3416 875 3457 l.
918 3419 939 3464 4)
954 3412 1040 3455 nihii.

259 3474 308 3519 vn.
324 3476 344 3517 5.
359 3474 419 3517 xtlt.
436 3475 469 3515 ii.
513 3473 535 3527 t)
550 3470 585 3514 Ad
600 3472 660 3513 Fam.
676 3469 735 3513 xvi.
749 3471 784 3513 26.
827 3470 850 3521 6)
868 3477 908 3520 pro
922 3464 1004 3507 Archia
1018 3462 1040 3506 8.
