<?xml version="1.0" encoding="UTF-8"?>
<!DOCTYPE html PUBLIC "-//W3C//DTD XHTML 1.0 Transitional//EN"
    "http://www.w3.org/TR/xhtml1/DTD/xhtml1-transitional.dtd">
<html xmlns="http://www.w3.org/1999/xhtml" xml:lang="en" lang="en">
 <head>
  <title>
</title>
<meta http-equiv="Content-Type" content="text/html;charset=utf-8" />
  <meta name='ocr-system' content='tesseract 3.04.00' />
  <meta name='ocr-capabilities' content='ocr_page ocr_carea ocr_par ocr_line ocrx_word'/>
</head>
<body>
  <div class='ocr_page' id='page_1' title='image "./mtulliiciceroni00friegoog/mtulliiciceroni00friegoog_0058.png"; bbox 0 0 2575 3892; ppageno 0'>
   <div class='ocr_carea' id='block_1_1' title="bbox 125 126 931 250">
    <p class='ocr_par' dir='ltr' id='par_1_1' title="bbox 125 126 931 250">
     <span class='ocr_line' id='line_1_1' title="bbox 125 126 931 250; baseline -0.006 -22"><span class='ocrx_word' id='word_1_1' title='bbox 125 166 163 229; x_wconf 88' lang='lat'>10</span> <span class='ocrx_word' id='word_1_2' title='bbox 256 208 260 215; x_wconf 89' lang='lat'><em>.</em></span> <span class='ocrx_word' id='word_1_3' title='bbox 380 244 382 250; x_wconf 15' lang='lat'>1</span> <span class='ocrx_word' id='word_1_4' title='bbox 459 164 513 223; x_wconf 75' lang='lat' dir='ltr'>au</span> <span class='ocrx_word' id='word_1_5' title='bbox 537 163 568 223; x_wconf 88' lang='lat' dir='ltr'>c.</span> <span class='ocrx_word' id='word_1_6' title='bbox 594 162 825 223; x_wconf 83' lang='lat' dir='ltr'>nnuuumun</span> <span class='ocrx_word' id='word_1_7' title='bbox 924 126 931 141; x_wconf 48' lang='lat'><strong><em>²</em></strong></span> 
     </span>
    </p>
   </div>
   <div class='ocr_carea' id='block_1_2' title="bbox 105 328 1217 2078">
    <p class='ocr_par' dir='ltr' id='par_1_2' title="bbox 105 328 1217 742">
     <span class='ocr_line' id='line_1_2' title="bbox 123 328 1162 404; baseline -0.001 -11"><span class='ocrx_word' id='word_1_8' title='bbox 123 332 267 395; x_wconf 80' lang='lat' dir='ltr'><strong>dentibus</strong></span> <span class='ocrx_word' id='word_1_9' title='bbox 290 329 434 404; x_wconf 83' lang='lat' dir='ltr'>collegis,</span> <span class='ocrx_word' id='word_1_10' title='bbox 453 330 608 391; x_wconf 51' lang='lat' dir='ltr'>adversus,</span> <span class='ocrx_word' id='word_1_11' title='bbox 622 345 689 389; x_wconf 88' lang='lat' dir='ltr'>rem</span> <span class='ocrx_word' id='word_1_12' title='bbox 710 328 864 403; x_wconf 83' lang='lat' dir='ltr'>publicam</span> <span class='ocrx_word' id='word_1_13' title='bbox 879 328 956 389; x_wconf 88' lang='lat' dir='ltr'>vidit</span> <span class='ocrx_word' id='word_1_14' title='bbox 971 333 1068 403; x_wconf 84' lang='lat' dir='ltr'>ferre,</span> <span class='ocrx_word' id='word_1_15' title='bbox 1093 349 1162 394; x_wconf 92' lang='lat' dir='ltr'>curn</span> 
     </span>
     <span class='ocr_line' id='line_1_3' title="bbox 105 412 1161 489; baseline -0.008 -6"><span class='ocrx_word' id='word_1_16' title='bbox 105 416 199 483; x_wconf 77' lang='lat' dir='ltr'>‚virts</span> <span class='ocrx_word' id='word_1_17' title='bbox 209 413 299 478; x_wconf 85' lang='lat' dir='ltr'>bonis</span> <span class='ocrx_word' id='word_1_18' title='bbox 312 414 460 489; x_wconf 86' lang='lat' dir='ltr'>impetum</span> <span class='ocrx_word' id='word_1_19' title='bbox 471 412 553 484; x_wconf 88' lang='lat' dir='ltr'>lacit,</span> <span class='ocrx_word' id='word_1_20' title='bbox 566 421 680 488; x_wconf 89' lang='lat' dir='ltr'>pontes</span> <span class='ocrx_word' id='word_1_21' title='bbox 692 412 853 483; x_wconf 80' lang='lat' dir='ltr'>disturbat,</span> <span class='ocrx_word' id='word_1_22' title='bbox 869 412 963 474; x_wconf 80' lang='lat' dir='ltr'>cistas</span> <span class='ocrx_word' id='word_1_23' title='bbox 982 415 1093 486; x_wconf 71' lang='lat' dir='ltr'>deficit,</span> <span class='ocrx_word' id='word_1_24' title='bbox 1109 417 1161 476; x_wconf 92' lang='lat' dir='ltr'>irn-</span> 
     </span>
     <span class='ocr_line' id='line_1_4' title="bbox 123 496 1217 577; baseline 0 -18"><span class='ocrx_word' id='word_1_25' title='bbox 123 498 300 575; x_wconf 84' lang='lat' dir='ltr'>pedimento</span> <span class='ocrx_word' id='word_1_26' title='bbox 318 505 380 570; x_wconf 88' lang='lat' dir='ltr'>est,</span> <span class='ocrx_word' id='word_1_27' title='bbox 398 514 460 573; x_wconf 90' lang='lat' dir='ltr'>quo</span> <span class='ocrx_word' id='word_1_28' title='bbox 482 498 585 559; x_wconf 87' lang='lat' dir='ltr'>secius</span> <span class='ocrx_word' id='word_1_29' title='bbox 600 497 732 577; x_wconf 73' lang='lat' dir='ltr'>seratum</span> <span class='ocrx_word' id='word_1_30' title='bbox 757 496 927 556; x_wconf 81' lang='lat' dir='ltr'><strong>arcessitur</strong></span> <span class='ocrx_word' id='word_1_31' title='bbox 941 498 1053 573; x_wconf 80' lang='lat' dir='ltr'>Caepio</span> <span class='ocrx_word' id='word_1_32' title='bbox 1070 500 1162 560; x_wconf 89' lang='lat' dir='ltr'>maie·</span> <span class='ocrx_word' id='word_1_33' title='bbox 1215 546 1217 549; x_wconf 87' lang='lat'>.</span> 
     </span>
     <span class='ocr_line' id='line_1_5' title="bbox 123 580 1163 659; baseline 0.001 -16"><span class='ocrx_word' id='word_1_34' title='bbox 123 583 225 645; x_wconf 71' lang='lat' dir='ltr'>statis</span> <span class='ocrx_word' id='word_1_35' title='bbox 251 582 435 644; x_wconf 75' lang='lat' dir='ltr'>constitutio</span> <span class='ocrx_word' id='word_1_36' title='bbox 451 581 586 659; x_wconf 82' lang='lat' dir='ltr'>legitima</span> <span class='ocrx_word' id='word_1_37' title='bbox 600 597 639 641; x_wconf 89' lang='lat' dir='ltr'>ex</span> <span class='ocrx_word' id='word_1_38' title='bbox 655 580 845 642; x_wconf 86' lang='lat' dir='ltr'>delinitione.</span> <span class='ocrx_word' id='word_1_39' title='bbox 871 583 1065 643; x_wconf 87' lang='lat' dir='ltr'>Vocabulum</span> <span class='ocrx_word' id='word_1_40' title='bbox 1082 583 1163 644; x_wconf 90' lang='lat' dir='ltr'>enim</span> 
     </span>
     <span class='ocr_line' id='line_1_6' title="bbox 124 662 1163 742; baseline 0.001 -16"><span class='ocrx_word' id='word_1_41' title='bbox 124 667 291 731; x_wconf 88' lang='lat' dir='ltr'>delinitur</span> <span class='ocrx_word' id='word_1_42' title='bbox 283 682 401 742; x_wconf 84' lang='lat' dir='ltr'>ipsum,</span> <span class='ocrx_word' id='word_1_43' title='bbox 418 682 513 741; x_wconf 87' lang='lat' dir='ltr'>quum</span> <span class='ocrx_word' id='word_1_44' title='bbox 528 662 701 739; x_wconf 82' lang='lat' dir='ltr'>quaeritur,</span> <span class='ocrx_word' id='word_1_45' title='bbox 724 665 799 737; x_wconf 88' lang='lat' dir='ltr'>quid</span> <span class='ocrx_word' id='word_1_46' title='bbox 813 663 855 725; x_wconf 90' lang='lat' dir='ltr'>sit</span> <span class='ocrx_word' id='word_1_47' title='bbox 868 665 1008 733; x_wconf 87' lang='lat' dir='ltr'>minuere</span> <span class='ocrx_word' id='word_1_48' title='bbox 1021 666 1163 728; x_wconf 81' lang='lat' dir='ltr'>uraiesta-</span> 
     </span>
    </p>

    <p class='ocr_par' dir='ltr' id='par_1_3' title="bbox 123 747 1165 825">
     <span class='ocr_line' id='line_1_7' title="bbox 123 747 1165 825; baseline 0.001 -14.014"><span class='ocrx_word' id='word_1_49' title='bbox 123 757 215 811; x_wconf 39' lang='lat' dir='ltr'>term</span> <span class='ocrx_word' id='word_1_50' title='bbox 213 749 280 810; x_wconf 42' lang='lat'>„22</span> <span class='ocrx_word' id='word_1_51' title='bbox 283 752 348 825; x_wconf 76' lang='grc' dir='ltr'>Εκ</span> <span class='ocrx_word' id='word_1_52' title='bbox 369 748 572 814; x_wconf 83' lang='lat' dir='ltr'>translatione</span> <span class='ocrx_word' id='word_1_53' title='bbox 590 747 805 814; x_wconf 87' lang='lat' dir='ltr'>controversia</span> <span class='ocrx_word' id='word_1_54' title='bbox 824 748 978 820; x_wconf 88' lang='lat' dir='ltr'>nascitur,</span> <span class='ocrx_word' id='word_1_55' title='bbox 1000 768 1096 824; x_wconf 88' lang='lat' dir='ltr'>quum</span> <span class='ocrx_word' id='word_1_56' title='bbox 1112 762 1165 812; x_wconf 88' lang='lat' dir='ltr'>aut</span> 
     </span>
    </p>

    <p class='ocr_par' dir='ltr' id='par_1_4' title="bbox 123 828 1167 2078">
     <span class='ocr_line' id='line_1_8' title="bbox 123 828 1163 910; baseline -0.001 -14.986"><span class='ocrx_word' id='word_1_57' title='bbox 123 841 246 910; x_wconf 88' lang='lat' dir='ltr'>tempus</span> <span class='ocrx_word' id='word_1_58' title='bbox 262 828 535 895; x_wconf 76' lang='lat' dir='ltr'>differendum</span> <span class='ocrx_word' id='word_1_59' title='bbox 483 836 535 891; x_wconf 87' lang='lat' dir='ltr'>ailt</span> <span class='ocrx_word' id='word_1_60' title='bbox 534 836 767 893; x_wconf 78' lang='lat' dir='ltr'>accusatorem</span> <span class='ocrx_word' id='word_1_61' title='bbox 781 832 963 890; x_wconf 85' lang='lat' dir='ltr'>mutandum</span> <span class='ocrx_word' id='word_1_62' title='bbox 977 842 1030 893; x_wconf 90' lang='lat' dir='ltr'>aut</span> <span class='ocrx_word' id='word_1_63' title='bbox 1045 835 1163 895; x_wconf 87' lang='lat' dir='ltr'>iudices</span> 
     </span>
     <span class='ocr_line' id='line_1_9' title="bbox 123 913 1164 990; baseline -0.001 -12"><span class='ocrx_word' id='word_1_64' title='bbox 123 919 290 979; x_wconf 86' lang='lat' dir='ltr'>mutandos</span> <span class='ocrx_word' id='word_1_65' title='bbox 303 933 376 978; x_wconf 90' lang='lat' dir='ltr'>reus</span> <span class='ocrx_word' id='word_1_66' title='bbox 391 916 474 976; x_wconf 87' lang='lat' dir='ltr'>dicit.</span> <span class='ocrx_word' id='word_1_67' title='bbox 497 917 562 975; x_wconf 90' lang='lat' dir='ltr'>Hac</span> <span class='ocrx_word' id='word_1_68' title='bbox 577 920 667 990; x_wconf 89' lang='lat' dir='ltr'>parte</span> <span class='ocrx_word' id='word_1_69' title='bbox 679 913 908 977; x_wconf 83' lang='lat' dir='ltr'>constitutionis</span> <span class='ocrx_word' id='word_1_70' title='bbox 921 916 1050 976; x_wconf 84' lang='lat' dir='ltr'>Graeci</span> <span class='ocrx_word' id='word_1_71' title='bbox 1043 935 1073 978; x_wconf 93' lang='lat' dir='ltr'>1n</span> <span class='ocrx_word' id='word_1_72' title='bbox 1086 915 1164 977; x_wconf 89' lang='lat' dir='ltr'>iudi</span> 
     </span>
     <span class='ocr_line' id='line_1_10' title="bbox 124 990 1162 1074; baseline 0 -13"><span class='ocrx_word' id='word_1_73' title='bbox 124 1002 195 1072; x_wconf 86' lang='lat' dir='ltr'>ciis,</span> <span class='ocrx_word' id='word_1_74' title='bbox 212 1018 271 1060; x_wconf 91' lang='lat' dir='ltr'>nos</span> <span class='ocrx_word' id='word_1_75' title='bbox 287 1001 317 1060; x_wconf 93' lang='lat' dir='ltr'>in</span> <span class='ocrx_word' id='word_1_76' title='bbox 335 1000 403 1063; x_wconf 88' lang='lat' dir='ltr'>iure</span> <span class='ocrx_word' id='word_1_77' title='bbox 418 990 503 1060; x_wconf 83' lang='lat' dir='ltr'>civili.</span> <span class='ocrx_word' id='word_1_78' title='bbox 513 1000 700 1074; x_wconf 76' lang='lat' dir='ltr'>plerumque</span> <span class='ocrx_word' id='word_1_79' title='bbox 711 999 834 1058; x_wconf 90' lang='lat' dir='ltr'>utimur.</span> <span class='ocrx_word' id='word_1_80' title='bbox 871 999 904 1056; x_wconf 92' lang='lat' dir='ltr'>ln</span> <span class='ocrx_word' id='word_1_81' title='bbox 920 999 978 1058; x_wconf 88' lang='lat' dir='ltr'>hac</span> <span class='ocrx_word' id='word_1_82' title='bbox 1001 1009 1089 1074; x_wconf 88' lang='lat' dir='ltr'>parte</span> <span class='ocrx_word' id='word_1_83' title='bbox 1104 1018 1162 1062; x_wconf 92' lang='lat' dir='ltr'>nos</span> 
     </span>
     <span class='ocr_line' id='line_1_11' title="bbox 123 1081 1165 1156; baseline 0.001 -13"><span class='ocrx_word' id='word_1_84' title='bbox 123 1085 198 1144; x_wconf 90' lang='lat' dir='ltr'>iuris</span> <span class='ocrx_word' id='word_1_85' title='bbox 223 1083 322 1145; x_wconf 89' lang='lat' dir='ltr'>civilis</span> <span class='ocrx_word' id='word_1_86' title='bbox 344 1082 475 1145; x_wconf 85' lang='lat' dir='ltr'>scientia</span> <span class='ocrx_word' id='word_1_87' title='bbox 495 1082 629 1156; x_wconf 86' lang='lat' dir='ltr'>iuvabit;</span> <span class='ocrx_word' id='word_1_88' title='bbox 648 1081 679 1143; x_wconf 93' lang='lat' dir='ltr'>in</span> <span class='ocrx_word' id='word_1_89' title='bbox 693 1081 816 1143; x_wconf 91' lang='lat' dir='ltr'>iudiciis</span> <span class='ocrx_word' id='word_1_90' title='bbox 836 1089 937 1142; x_wconf 89' lang='lat' dir='ltr'>tamen</span> <span class='ocrx_word' id='word_1_91' title='bbox 953 1085 1092 1153; x_wconf 86' lang='lat' dir='ltr'>nonnihil</span> <span class='ocrx_word' id='word_1_92' title='bbox 1108 1085 1165 1145; x_wconf 84' lang='lat' dir='ltr'>uti-</span> 
     </span>
     <span class='ocr_line' id='line_1_12' title="bbox 123 1166 1165 1242; baseline 0.002 -16"><span class='ocrx_word' id='word_1_93' title='bbox 123 1184 200 1239; x_wconf 92' lang='lat' dir='ltr'>mur,</span> <span class='ocrx_word' id='word_1_94' title='bbox 216 1175 251 1226; x_wconf 92' lang='lat' dir='ltr'>ut</span> <span class='ocrx_word' id='word_1_95' title='bbox 265 1169 325 1229; x_wconf 89' lang='lat' dir='ltr'>hoc</span> <span class='ocrx_word' id='word_1_96' title='bbox 342 1169 453 1229; x_wconf 89' lang='lat' dir='ltr'>modo:</span> <span class='ocrx_word' id='word_1_97' title='bbox 479 1166 597 1242; x_wconf 85' lang='lat' dir='ltr'>Siquis</span> <span class='ocrx_word' id='word_1_98' title='bbox 613 1168 777 1242; x_wconf 81' lang='lat' dir='ltr'>peculatus</span> <span class='ocrx_word' id='word_1_99' title='bbox 793 1174 967 1238; x_wconf 84' lang='lat' dir='ltr'>accusetur,</span> <span class='ocrx_word' id='word_1_100' title='bbox 985 1170 1071 1242; x_wconf 85' lang='lat' dir='ltr'>quod</span> <span class='ocrx_word' id='word_1_101' title='bbox 1087 1185 1165 1228; x_wconf 89' lang='lat' dir='ltr'>vasa</span> 
     </span>
     <span class='ocr_line' id='line_1_13' title="bbox 123 1250 1163 1327; baseline 0.001 -16"><span class='ocrx_word' id='word_1_102' title='bbox 123 1258 270 1326; x_wconf 79' lang='lat' dir='ltr'>argentea</span> <span class='ocrx_word' id='word_1_103' title='bbox 286 1251 411 1326; x_wconf 86' lang='lat' dir='ltr'>publica</span> <span class='ocrx_word' id='word_1_104' title='bbox 428 1253 468 1312; x_wconf 92' lang='lat' dir='ltr'>de</span> <span class='ocrx_word' id='word_1_105' title='bbox 484 1254 554 1312; x_wconf 93' lang='lat' dir='ltr'>loco</span> <span class='ocrx_word' id='word_1_106' title='bbox 569 1250 692 1326; x_wconf 87' lang='lat' dir='ltr'>priuato</span> <span class='ocrx_word' id='word_1_107' title='bbox 714 1251 834 1313; x_wconf 89' lang='lat' dir='ltr'>dicatur</span> <span class='ocrx_word' id='word_1_108' title='bbox 855 1252 1038 1324; x_wconf 86' lang='lat' dir='ltr'>sustulisse,</span> <span class='ocrx_word' id='word_1_109' title='bbox 1061 1252 1163 1327; x_wconf 88' lang='lat' dir='ltr'>possit</span> 
     </span>
     <span class='ocr_line' id='line_1_14' title="bbox 124 1334 1165 1412; baseline 0.001 -17"><span class='ocrx_word' id='word_1_110' title='bbox 124 1336 241 1408; x_wconf 89' lang='lat' dir='ltr'>dicere,</span> <span class='ocrx_word' id='word_1_111' title='bbox 259 1352 353 1410; x_wconf 90' lang='lat' dir='ltr'>quum</span> <span class='ocrx_word' id='word_1_112' title='bbox 369 1335 550 1410; x_wconf 83' lang='lat' dir='ltr'>defiuitione</span> <span class='ocrx_word' id='word_1_113' title='bbox 566 1335 606 1395; x_wconf 89' lang='lat' dir='ltr'>sit</span> <span class='ocrx_word' id='word_1_114' title='bbox 620 1351 707 1406; x_wconf 78' lang='lat' dir='ltr'>usuS,</span> <span class='ocrx_word' id='word_1_115' title='bbox 724 1335 799 1409; x_wconf 87' lang='lat' dir='ltr'>quid</span> <span class='ocrx_word' id='word_1_116' title='bbox 814 1334 854 1395; x_wconf 88' lang='lat' dir='ltr'>sit</span> <span class='ocrx_word' id='word_1_117' title='bbox 868 1337 996 1408; x_wconf 89' lang='lat' dir='ltr'>lurtum,</span> <span class='ocrx_word' id='word_1_118' title='bbox 1020 1337 1095 1411; x_wconf 88' lang='lat' dir='ltr'>quid</span> <span class='ocrx_word' id='word_1_119' title='bbox 1109 1353 1165 1412; x_wconf 88' lang='lat' dir='ltr'>pe-</span> 
     </span>
     <span class='ocr_line' id='line_1_15' title="bbox 124 1418 1164 1496; baseline 0 -18"><span class='ocrx_word' id='word_1_120' title='bbox 124 1421 260 1479; x_wconf 88' lang='lat' dir='ltr'>culatus:</span> <span class='ocrx_word' id='word_1_121' title='bbox 278 1435 385 1479; x_wconf 88' lang='lat' dir='ltr'>secum</span> <span class='ocrx_word' id='word_1_122' title='bbox 400 1418 473 1480; x_wconf 79' lang='lat' dir='ltr'>furti</span> <span class='ocrx_word' id='word_1_123' title='bbox 487 1419 546 1494; x_wconf 79' lang='lat' dir='ltr'>agi,</span> <span class='ocrx_word' id='word_1_124' title='bbox 560 1422 625 1480; x_wconf 74' lang='lat' dir='ltr'>&#39;non</span> <span class='ocrx_word' id='word_1_125' title='bbox 640 1421 804 1494; x_wconf 84' lang='lat' dir='ltr'>peculatus</span> <span class='ocrx_word' id='word_1_126' title='bbox 820 1427 978 1494; x_wconf 82' lang='lat' dir='ltr'>oportere·</span> <span class='ocrx_word' id='word_1_127' title='bbox 994 1421 1080 1480; x_wconf 90' lang='lat' dir='ltr'>Haec</span> <span class='ocrx_word' id='word_1_128' title='bbox 1096 1437 1164 1496; x_wconf 88' lang='lat' dir='ltr'>par-</span> 
     </span>
     <span class='ocr_line' id='line_1_16' title="bbox 123 1500 1165 1579; baseline 0.003 -17"><span class='ocrx_word' id='word_1_129' title='bbox 123 1500 190 1563; x_wconf 86' lang='lat' dir='ltr'>titio</span> <span class='ocrx_word' id='word_1_130' title='bbox 206 1502 361 1579; x_wconf 79' lang='lat' dir='ltr'>legitimae</span> <span class='ocrx_word' id='word_1_131' title='bbox 376 1502 606 1564; x_wconf 82' lang='lat' dir='ltr'>constitutionis</span> <span class='ocrx_word' id='word_1_132' title='bbox 623 1503 671 1563; x_wconf 92' lang='lat' dir='ltr'>his</span> <span class='ocrx_word' id='word_1_133' title='bbox 691 1504 732 1562; x_wconf 92' lang='lat' dir='ltr'>de</span> <span class='ocrx_word' id='word_1_134' title='bbox 753 1503 857 1564; x_wconf 88' lang='lat' dir='ltr'>causis</span> <span class='ocrx_word' id='word_1_135' title='bbox 879 1520 950 1563; x_wconf 88' lang='lat' dir='ltr'>raro</span> <span class='ocrx_word' id='word_1_136' title='bbox 967 1504 1100 1565; x_wconf 88' lang='lat' dir='ltr'>venitin</span> <span class='ocrx_word' id='word_1_137' title='bbox 1120 1503 1165 1565; x_wconf 89' lang='lat' dir='ltr'>iu·</span> 
     </span>
     <span class='ocr_line' id='line_1_17' title="bbox 124 1586 1167 1663; baseline 0 -16"><span class='ocrx_word' id='word_1_138' title='bbox 124 1587 245 1659; x_wconf 89' lang='lat' dir='ltr'>dicium,</span> <span class='ocrx_word' id='word_1_139' title='bbox 262 1589 347 1662; x_wconf 92' lang='lat' dir='ltr'>quod</span> <span class='ocrx_word' id='word_1_140' title='bbox 362 1586 392 1647; x_wconf 93' lang='lat' dir='ltr'>in</span> <span class='ocrx_word' id='word_1_141' title='bbox 406 1587 529 1663; x_wconf 91' lang='lat' dir='ltr'>privata</span> <span class='ocrx_word' id='word_1_142' title='bbox 543 1587 668 1648; x_wconf 90' lang='lat' dir='ltr'>actione</span> <span class='ocrx_word' id='word_1_143' title='bbox 684 1587 859 1662; x_wconf 84' lang='lat' dir='ltr'>praetoriae</span> <span class='ocrx_word' id='word_1_144' title='bbox 875 1587 1077 1663; x_wconf 85' lang='lat' dir='ltr'>exceptiones</span> <span class='ocrx_word' id='word_1_145' title='bbox 1093 1595 1167 1648; x_wconf 90' lang='lat' dir='ltr'>sunt</span> 
     </span>
     <span class='ocr_line' id='line_1_18' title="bbox 124 1670 1165 1748; baseline 0 -18"><span class='ocrx_word' id='word_1_146' title='bbox 124 1677 155 1730; x_wconf 90' lang='lat' dir='ltr'>et</span> <span class='ocrx_word' id='word_1_147' title='bbox 170 1687 265 1732; x_wconf 89' lang='lat' dir='ltr'>causa</span> <span class='ocrx_word' id='word_1_148' title='bbox 282 1671 364 1731; x_wconf 89' lang='lat' dir='ltr'>cadit</span> <span class='ocrx_word' id='word_1_149' title='bbox 379 1671 432 1746; x_wconf 89' lang='lat' dir='ltr'>qui</span> <span class='ocrx_word' id='word_1_150' title='bbox 447 1671 524 1747; x_wconf 71' lang='lat' dir='ltr'>egit,</span> <span class='ocrx_word' id='word_1_151' title='bbox 546 1670 606 1731; x_wconf 91' lang='lat' dir='ltr'>nisi</span> <span class='ocrx_word' id='word_1_152' title='bbox 620 1670 728 1735; x_wconf 88' lang='lat' dir='ltr'>habuit</span> <span class='ocrx_word' id='word_1_153' title='bbox 742 1671 907 1743; x_wconf 89' lang='lat' dir='ltr'>actionem,</span> <span class='ocrx_word' id='word_1_154' title='bbox 930 1678 961 1731; x_wconf 88' lang='lat' dir='ltr'>et</span> <span class='ocrx_word' id='word_1_155' title='bbox 982 1671 1011 1731; x_wconf 91' lang='lat' dir='ltr'>iu</span> <span class='ocrx_word' id='word_1_156' title='bbox 1032 1671 1165 1748; x_wconf 89' lang='lat' dir='ltr'>publicis</span> 
     </span>
     <span class='ocr_line' id='line_1_19' title="bbox 125 1755 1166 1831; baseline 0 -17"><span class='ocrx_word' id='word_1_157' title='bbox 125 1755 363 1828; x_wconf 86' lang='lat' dir='ltr'>quaestionibus</span> <span class='ocrx_word' id='word_1_158' title='bbox 385 1763 515 1822; x_wconf 83' lang='lat' dir='ltr'>cavetur</span> <span class='ocrx_word' id='word_1_159' title='bbox 529 1755 669 1831; x_wconf 81' lang='lat' dir='ltr'>legibus,</span> <span class='ocrx_word' id='word_1_160' title='bbox 686 1762 720 1816; x_wconf 89' lang='lat' dir='ltr'>ut</span> <span class='ocrx_word' id='word_1_161' title='bbox 734 1762 821 1827; x_wconf 90' lang='lat' dir='ltr'>ante,</span> <span class='ocrx_word' id='word_1_162' title='bbox 843 1755 870 1816; x_wconf 86' lang='lat' dir='ltr'>si</span> <span class='ocrx_word' id='word_1_163' title='bbox 892 1771 946 1815; x_wconf 90' lang='lat' dir='ltr'>reo</span> <span class='ocrx_word' id='word_1_164' title='bbox 969 1755 1166 1817; x_wconf 89' lang='lat' dir='ltr'>commodum</span> 
     </span>
     <span class='ocr_line' id='line_1_20' title="bbox 124 1838 1166 1911; baseline -0.002 -12"><span class='ocrx_word' id='word_1_165' title='bbox 124 1838 178 1911; x_wconf 86' lang='lat' dir='ltr'>sit,</span> <span class='ocrx_word' id='word_1_166' title='bbox 152 1839 347 1900; x_wconf 89' lang='lat' dir='ltr'>tiudicium</span> <span class='ocrx_word' id='word_1_167' title='bbox 365 1840 405 1899; x_wconf 92' lang='lat' dir='ltr'>de</span> <span class='ocrx_word' id='word_1_168' title='bbox 419 1847 605 1901; x_wconf 87' lang='lat' dir='ltr'>accusatore</span> <span class='ocrx_word' id='word_1_169' title='bbox 625 1840 694 1910; x_wconf 85' lang='lat' dir='ltr'>flat,</span> <span class='ocrx_word' id='word_1_170' title='bbox 715 1847 818 1900; x_wconf 86' lang='lat' dir='ltr'>utrum</span> <span class='ocrx_word' id='word_1_171' title='bbox 838 1838 880 1898; x_wconf 91' lang='lat' dir='ltr'>illi</span> <span class='ocrx_word' id='word_1_172' title='bbox 903 1841 994 1899; x_wconf 89' lang='lat' dir='ltr'>liceat</span> <span class='ocrx_word' id='word_1_173' title='bbox 982 1847 1166 1900; x_wconf 88' lang='lat' dir='ltr'>taccusare</span> 
     </span>
     <span class='ocr_line' id='line_1_21' title="bbox 124 1920 1165 2014; baseline 0.001 -34"><span class='ocrx_word' id='word_1_174' title='bbox 124 1936 233 1984; x_wconf 89' lang='lat' dir='ltr'>necne.</span> <span class='ocrx_word' id='word_1_175' title='bbox 275 1924 354 1983; x_wconf 88' lang='lat' dir='ltr'>Xlll</span> <span class='ocrx_word' id='word_1_176' title='bbox 382 1921 433 1981; x_wconf 81' lang='lat'>23.</span> <span class='ocrx_word' id='word_1_177' title='bbox 447 1920 576 2003; x_wconf 61' lang='lat' dir='ltr'>Eut</span> <span class='ocrx_word' id='word_1_178' title='bbox 501 1921 800 2014; x_wconf 57' lang='lat' dir='ltr'>chnatrone</span> <span class='ocrx_word' id='word_1_179' title='bbox 790 1923 1007 1981; x_wconf 73' lang='lat' dir='ltr'>controversia</span> <span class='ocrx_word' id='word_1_180' title='bbox 1033 1930 1165 1994; x_wconf 85' lang='lat' dir='ltr'>constat,</span> 
     </span>
     <span class='ocr_line' id='line_1_22' title="bbox 126 1990 1167 2078; baseline 0.003 -16"><span class='ocrx_word' id='word_1_181' title='bbox 126 2020 223 2077; x_wconf 87' lang='lat' dir='ltr'>quum</span> <span class='ocrx_word' id='word_1_182' title='bbox 238 2019 290 2062; x_wconf 85' lang='lat' dir='ltr'>res</span> <span class='ocrx_word' id='word_1_183' title='bbox 312 2003 381 2063; x_wconf 89' lang='lat' dir='ltr'>sina</span> <span class='ocrx_word' id='word_1_184' title='bbox 400 1994 528 2077; x_wconf 87' lang='lat' dir='ltr'>propria</span> <span class='ocrx_word' id='word_1_185' title='bbox 542 2005 611 2078; x_wconf 75' lang='lat' dir='ltr'>lege</span> <span class='ocrx_word' id='word_1_186' title='bbox 631 1994 717 2062; x_wconf 86' lang='lat' dir='ltr'>venit</span> <span class='ocrx_word' id='word_1_187' title='bbox 731 2003 762 2062; x_wconf 94' lang='lat' dir='ltr'>in</span> <span class='ocrx_word' id='word_1_188' title='bbox 777 1990 937 2074; x_wconf 81' lang='lat' dir='ltr'>iudicium,</span> <span class='ocrx_word' id='word_1_189' title='bbox 962 2020 1043 2077; x_wconf 89' lang='lat' dir='ltr'>quae</span> <span class='ocrx_word' id='word_1_190' title='bbox 1062 2011 1167 2065; x_wconf 88' lang='lat' dir='ltr'>tamen</span> 
     </span>
    </p>
   </div>
   <div class='ocr_carea' id='block_1_3' title="bbox 124 2083 1166 2235">
    <p class='ocr_par' dir='ltr' id='par_1_5' title="bbox 124 2083 1166 2235">
     <span class='ocr_line' id='line_1_23' title="bbox 124 2083 1166 2165; baseline 0.003 -19"><span class='ocrx_word' id='word_1_191' title='bbox 124 2086 163 2146; x_wconf 90' lang='lat' dir='ltr'>ab</span> <span class='ocrx_word' id='word_1_192' title='bbox 180 2083 248 2165; x_wconf 73' lang='lat' dir='ltr'>aliis</span> <span class='ocrx_word' id='word_1_193' title='bbox 268 2085 390 2161; x_wconf 83' lang='lat' dir='ltr'>legibus</span> <span class='ocrx_word' id='word_1_194' title='bbox 406 2084 603 2147; x_wconf 90' lang='lat' dir='ltr'>similitudine</span> <span class='ocrx_word' id='word_1_195' title='bbox 625 2087 759 2160; x_wconf 90' lang='lat' dir='ltr'>quadam</span> <span class='ocrx_word' id='word_1_196' title='bbox 774 2094 955 2162; x_wconf 89' lang='lat' dir='ltr'>occupatur</span> <span class='ocrx_word' id='word_1_197' title='bbox 990 2088 1035 2147; x_wconf 85' lang='lat' dir='ltr'>Ea</span> <span class='ocrx_word' id='word_1_198' title='bbox 1049 2095 1099 2148; x_wconf 89' lang='lat' dir='ltr'>est</span> <span class='ocrx_word' id='word_1_199' title='bbox 1112 2089 1166 2149; x_wconf 92' lang='lat' dir='ltr'>hu-</span> 
     </span>
     <span class='ocr_line' id='line_1_24' title="bbox 125 2167 1166 2235; baseline -0.001 -6"><span class='ocrx_word' id='word_1_200' title='bbox 125 2167 272 2230; x_wconf 87' lang='lat' dir='ltr'>iusmodi.</span> <span class='ocrx_word' id='word_1_201' title='bbox 300 2171 382 2230; x_wconf 87' lang='lat' dir='ltr'>Lex:</span> <span class='ocrx_word' id='word_1_202' title='bbox 400 2181 427 2223; x_wconf 85' lang='lat' dir='ltr'>st</span> <span class='ocrx_word' id='word_1_203' title='bbox 446 2180 584 2235; x_wconf 81' lang='lat' dir='ltr'>ramosus</span> <span class='ocrx_word' id='word_1_204' title='bbox 596 2182 686 2233; x_wconf 78' lang='lat' dir='ltr'>usur,</span> <span class='ocrx_word' id='word_1_205' title='bbox 699 2182 839 2232; x_wconf 76' lang='lat' dir='ltr'>ncnarun</span> <span class='ocrx_word' id='word_1_206' title='bbox 856 2182 1066 2234; x_wconf 72' lang='lat' dir='ltr'>esuritionem:</span> <span class='ocrx_word' id='word_1_207' title='bbox 1080 2185 1110 2228; x_wconf 81' lang='lat' dir='ltr'>nr</span> <span class='ocrx_word' id='word_1_208' title='bbox 1127 2185 1166 2227; x_wconf 79' lang='lat' dir='ltr'>eo</span> 
     </span>
    </p>
   </div>
   <div class='ocr_carea' id='block_1_4' title="bbox 111 2254 1165 3504">
    <p class='ocr_par' dir='ltr' id='par_1_6' title="bbox 111 2254 1165 3504">
     <span class='ocr_line' id='line_1_25' title="bbox 111 2254 1163 2319; baseline 0.001 -10"><span class='ocrx_word' id='word_1_209' title='bbox 111 2254 305 2317; x_wconf 73' lang='lat' dir='ltr'>-rrcuuraoua</span> <span class='ocrx_word' id='word_1_210' title='bbox 322 2264 386 2311; x_wconf 80' lang='lat' dir='ltr'>urus</span> <span class='ocrx_word' id='word_1_211' title='bbox 405 2264 551 2314; x_wconf 72' lang='lat' dir='ltr'>narraras</span> <span class='ocrx_word' id='word_1_212' title='bbox 563 2267 646 2312; x_wconf 77' lang='lat' dir='ltr'>asro.</span> <span class='ocrx_word' id='word_1_213' title='bbox 672 2254 712 2315; x_wconf 85' lang='lat' dir='ltr'>Et</span> <span class='ocrx_word' id='word_1_214' title='bbox 728 2257 794 2315; x_wconf 86' lang='lat' dir='ltr'>lex:</span> <span class='ocrx_word' id='word_1_215' title='bbox 811 2259 1163 2319; x_wconf 79' lang='lat' dir='ltr'>ourrnnsnrrnuronssr</span> 
     </span>
     <span class='ocr_line' id='line_1_26' title="bbox 123 2329 1163 2401; baseline 0.001 -9"><span class='ocrx_word' id='word_1_216' title='bbox 123 2349 273 2394; x_wconf 77' lang='lat' dir='ltr'>ructemus</span> <span class='ocrx_word' id='word_1_217' title='bbox 287 2351 361 2401; x_wconf 80' lang='lat' dir='ltr'>unu,</span> <span class='ocrx_word' id='word_1_218' title='bbox 380 2350 416 2394; x_wconf 89' lang='lat' dir='ltr'>or</span> <span class='ocrx_word' id='word_1_219' title='bbox 432 2350 458 2394; x_wconf 87' lang='lat' dir='ltr'>rs</span> <span class='ocrx_word' id='word_1_220' title='bbox 473 2350 642 2395; x_wconf 79' lang='lat' dir='ltr'>oavonurus</span> <span class='ocrx_word' id='word_1_221' title='bbox 658 2334 694 2393; x_wconf 80' lang='lat' dir='ltr'>rr</span> <span class='ocrx_word' id='word_1_222' title='bbox 710 2351 870 2396; x_wconf 79' lang='lat' dir='ltr'>oatrcnrus</span> <span class='ocrx_word' id='word_1_223' title='bbox 883 2352 969 2396; x_wconf 84' lang='lat' dir='ltr'>como</span> <span class='ocrx_word' id='word_1_224' title='bbox 987 2329 1163 2394; x_wconf 77' lang='lat' dir='ltr'>orvennrua</span> 
     </span>
     <span class='ocr_line' id='line_1_27' title="bbox 124 2423 1162 2493; baseline 0 -15"><span class='ocrx_word' id='word_1_225' title='bbox 124 2435 153 2478; x_wconf 87' lang='lat' dir='ltr'>m</span> <span class='ocrx_word' id='word_1_226' title='bbox 172 2432 389 2493; x_wconf 54' lang='lat' dir='ltr'>onoriuaurau.</span> <span class='ocrx_word' id='word_1_227' title='bbox 418 2423 457 2484; x_wconf 85' lang='lat' dir='ltr'>Et</span> <span class='ocrx_word' id='word_1_228' title='bbox 471 2425 536 2484; x_wconf 83' lang='lat' dir='ltr'>lex:</span> <span class='ocrx_word' id='word_1_229' title='bbox 558 2432 790 2478; x_wconf 77' lang='lat' dir='ltr'>rarrarnmnns</span> <span class='ocrx_word' id='word_1_230' title='bbox 803 2435 851 2476; x_wconf 89' lang='lat' dir='ltr'>orr</span> <span class='ocrx_word' id='word_1_231' title='bbox 870 2432 962 2490; x_wconf 78' lang='lat' dir='ltr'>surae</span> <span class='ocrx_word' id='word_1_232' title='bbox 973 2436 1097 2478; x_wconf 74' lang='lat' dir='ltr'>munna</span> <span class='ocrx_word' id='word_1_233' title='bbox 1115 2437 1162 2478; x_wconf 82' lang='lat' dir='ltr'>eu-</span> 
     </span>
     <span class='ocr_line' id='line_1_28' title="bbox 125 2506 1164 2569; baseline 0 -9"><span class='ocrx_word' id='word_1_234' title='bbox 125 2518 252 2560; x_wconf 76' lang='lat' dir='ltr'>oornnve</span> <span class='ocrx_word' id='word_1_235' title='bbox 271 2518 328 2560; x_wconf 77' lang='lat' dir='ltr'>sun</span> <span class='ocrx_word' id='word_1_236' title='bbox 345 2518 517 2569; x_wconf 76' lang='lat' dir='ltr'>turnucum,</span> <span class='ocrx_word' id='word_1_237' title='bbox 536 2519 583 2561; x_wconf 83' lang='lat' dir='ltr'>rrn</span> <span class='ocrx_word' id='word_1_238' title='bbox 596 2519 641 2561; x_wconf 87' lang='lat' dir='ltr'>rus</span> <span class='ocrx_word' id='word_1_239' title='bbox 660 2518 742 2561; x_wconf 79' lang='lat' dir='ltr'>asro.</span> <span class='ocrx_word' id='word_1_240' title='bbox 784 2507 823 2566; x_wconf 84' lang='lat' dir='ltr'>Et</span> <span class='ocrx_word' id='word_1_241' title='bbox 849 2506 915 2565; x_wconf 81' lang='lat' dir='ltr'>len:</span> <span class='ocrx_word' id='word_1_242' title='bbox 945 2519 971 2561; x_wconf 85' lang='lat' dir='ltr'>sl</span> <span class='ocrx_word' id='word_1_243' title='bbox 988 2517 1164 2560; x_wconf 74' lang='lat' dir='ltr'>paruerant-</span> 
     </span>
     <span class='ocr_line' id='line_1_29' title="bbox 125 2599 1164 2653; baseline 0.001 -11"><span class='ocrx_word' id='word_1_244' title='bbox 125 2600 190 2645; x_wconf 80' lang='lat' dir='ltr'>nms</span> <span class='ocrx_word' id='word_1_245' title='bbox 206 2601 384 2645; x_wconf 80' lang='lat' dir='ltr'>rurusmrus</span> <span class='ocrx_word' id='word_1_246' title='bbox 397 2599 533 2653; x_wconf 80' lang='lat' dir='ltr'>uomrun,</span> <span class='ocrx_word' id='word_1_247' title='bbox 542 2600 661 2643; x_wconf 74' lang='lat' dir='ltr'>inmun</span> <span class='ocrx_word' id='word_1_248' title='bbox 673 2601 853 2652; x_wconf 76' lang='lat' dir='ltr'>mcumnour</span> <span class='ocrx_word' id='word_1_249' title='bbox 865 2600 931 2644; x_wconf 77' lang='lat' dir='ltr'>urus</span> <span class='ocrx_word' id='word_1_250' title='bbox 939 2600 1083 2653; x_wconf 68' lang='lat' dir='ltr'>nennium</span> <span class='ocrx_word' id='word_1_251' title='bbox 1096 2599 1164 2643; x_wconf 78' lang='lat' dir='ltr'>orn-</span> 
     </span>
     <span class='ocr_line' id='line_1_30' title="bbox 125 2672 1163 2755; baseline 0.007 -28"><span class='ocrx_word' id='word_1_252' title='bbox 125 2684 278 2737; x_wconf 78' lang='lat' dir='ltr'>rumnour</span> <span class='ocrx_word' id='word_1_253' title='bbox 293 2678 391 2730; x_wconf 78' lang='lat' dir='ltr'>usro.¹</span> <span class='ocrx_word' id='word_1_254' title='bbox 419 2674 582 2735; x_wconf 86' lang='lat' dir='ltr'>Malleolus</span> <span class='ocrx_word' id='word_1_255' title='bbox 610 2672 764 2733; x_wconf 85' lang='lat' dir='ltr'>iudicatus</span> <span class='ocrx_word' id='word_1_256' title='bbox 790 2680 840 2734; x_wconf 84' lang='lat' dir='ltr'>ost</span> <span class='ocrx_word' id='word_1_257' title='bbox 865 2679 993 2755; x_wconf 85' lang='lat' dir='ltr'>matrem</span> <span class='ocrx_word' id='word_1_258' title='bbox 1021 2689 1163 2734; x_wconf 89' lang='lat' dir='ltr'>necasse.</span> 
     </span>
     <span class='ocr_line' id='line_1_31' title="bbox 124 2756 1165 2832; baseline -0.001 -15"><span class='ocrx_word' id='word_1_259' title='bbox 124 2756 161 2818; x_wconf 84' lang='lat' dir='ltr'>Ei</span> <span class='ocrx_word' id='word_1_260' title='bbox 176 2757 438 2823; x_wconf 88' lang='lat' dir='ltr'>damnatostatim</span> <span class='ocrx_word' id='word_1_261' title='bbox 453 2756 609 2818; x_wconf 83' lang='lat' dir='ltr'>folliculus</span> <span class='ocrx_word' id='word_1_262' title='bbox 625 2756 773 2832; x_wconf 88' lang='lat' dir='ltr'>[lupinus]</span> <span class='ocrx_word' id='word_1_263' title='bbox 788 2757 819 2817; x_wconf 90' lang='lat' dir='ltr'>in</span> <span class='ocrx_word' id='word_1_264' title='bbox 832 2774 868 2818; x_wconf 91' lang='lat' dir='ltr'>os</span> <span class='ocrx_word' id='word_1_265' title='bbox 884 2765 915 2816; x_wconf 89' lang='lat' dir='ltr'>et</span> <span class='ocrx_word' id='word_1_266' title='bbox 926 2760 1033 2818; x_wconf 87' lang='lat' dir='ltr'>soleae</span> <span class='ocrx_word' id='word_1_267' title='bbox 1044 2756 1165 2832; x_wconf 80' lang='lat' dir='ltr'>ligneae</span> 
     </span>
     <span class='ocr_line' id='line_1_32' title="bbox 124 2840 1164 2917; baseline 0 -16"><span class='ocrx_word' id='word_1_268' title='bbox 124 2841 156 2902; x_wconf 91' lang='lat' dir='ltr'>in</span> <span class='ocrx_word' id='word_1_269' title='bbox 171 2840 303 2917; x_wconf 88' lang='lat' dir='ltr'>pedibus</span> <span class='ocrx_word' id='word_1_270' title='bbox 321 2842 466 2904; x_wconf 87' lang='lat' dir='ltr'>inductae</span> <span class='ocrx_word' id='word_1_271' title='bbox 483 2849 569 2914; x_wconf 84' lang='lat' dir='ltr'>aunt,</span> <span class='ocrx_word' id='word_1_272' title='bbox 585 2842 616 2900; x_wconf 91' lang='lat' dir='ltr'>in</span> <span class='ocrx_word' id='word_1_273' title='bbox 632 2856 791 2901; x_wconf 87' lang='lat' dir='ltr'>carcerem</span> <span class='ocrx_word' id='word_1_274' title='bbox 812 2844 925 2903; x_wconf 85' lang='lat' dir='ltr'>ductus</span> <span class='ocrx_word' id='word_1_275' title='bbox 941 2849 998 2901; x_wconf 90' lang='lat' dir='ltr'>est.</span> <span class='ocrx_word' id='word_1_276' title='bbox 1035 2841 1091 2914; x_wconf 83' lang='lat' dir='ltr'>Qui</span> <span class='ocrx_word' id='word_1_277' title='bbox 1113 2842 1164 2901; x_wconf 89' lang='lat' dir='ltr'>de·</span> 
     </span>
     <span class='ocr_line' id='line_1_33' title="bbox 125 2927 1163 3009; baseline -0.002 -25"><span class='ocrx_word' id='word_1_278' title='bbox 125 2927 293 2987; x_wconf 74' lang='lat' dir='ltr'>tendebant</span> <span class='ocrx_word' id='word_1_279' title='bbox 306 2943 375 2987; x_wconf 87' lang='lat' dir='ltr'>eum</span> <span class='ocrx_word' id='word_1_280' title='bbox 385 2975 392 2999; x_wconf 93' lang='lat'>,</span> <span class='ocrx_word' id='word_1_281' title='bbox 403 2927 530 3009; x_wconf 83' lang='lat' dir='ltr'>tabulas</span> <span class='ocrx_word' id='word_1_282' title='bbox 546 2927 577 2986; x_wconf 91' lang='lat' dir='ltr'>in</span> <span class='ocrx_word' id='word_1_283' title='bbox 593 2940 750 2986; x_wconf 85' lang='lat' dir='ltr'>carcerem</span> <span class='ocrx_word' id='word_1_284' title='bbox 765 2927 923 2998; x_wconf 83' lang='lat' dir='ltr'>adierunt3</span> <span class='ocrx_word' id='word_1_285' title='bbox 948 2931 1163 2985; x_wconf 89' lang='lat' dir='ltr'>testamentum</span> 
     </span>
     <span class='ocr_line' id='line_1_34' title="bbox 125 3006 1163 3083; baseline -0.002 -17"><span class='ocrx_word' id='word_1_286' title='bbox 125 3007 197 3082; x_wconf 86' lang='lat' dir='ltr'>ipso</span> <span class='ocrx_word' id='word_1_287' title='bbox 211 3019 378 3083; x_wconf 88' lang='lat' dir='ltr'>praesente</span> <span class='ocrx_word' id='word_1_288' title='bbox 394 3011 610 3083; x_wconf 83' lang='lat' dir='ltr'>conscribunt;</span> <span class='ocrx_word' id='word_1_289' title='bbox 633 3017 732 3071; x_wconf 87' lang='lat' dir='ltr'>testes</span> <span class='ocrx_word' id='word_1_290' title='bbox 747 3018 832 3071; x_wconf 87' lang='lat' dir='ltr'>recte</span> <span class='ocrx_word' id='word_1_291' title='bbox 847 3011 1026 3076; x_wconf 78' lang='lat' dir='ltr'>adlnerunt3</span> <span class='ocrx_word' id='word_1_292' title='bbox 1056 3007 1095 3064; x_wconf 90' lang='lat' dir='ltr'>de</span> <span class='ocrx_word' id='word_1_293' title='bbox 1110 3006 1163 3065; x_wconf 94' lang='lat' dir='ltr'>illo</span> 
     </span>
     <span class='ocr_line' id='line_1_35' title="bbox 126 3088 1163 3169; baseline -0.001 -19"><span class='ocrx_word' id='word_1_294' title='bbox 126 3091 312 3164; x_wconf 91' lang='lat' dir='ltr'>supplicium</span> <span class='ocrx_word' id='word_1_295' title='bbox 328 3093 465 3155; x_wconf 83' lang='lat' dir='ltr'>sumitur.</span> <span class='ocrx_word' id='word_1_296' title='bbox 499 3093 538 3168; x_wconf 89' lang='lat' dir='ltr'>li,</span> <span class='ocrx_word' id='word_1_297' title='bbox 562 3090 617 3169; x_wconf 89' lang='lat' dir='ltr'>qui</span> <span class='ocrx_word' id='word_1_298' title='bbox 636 3093 770 3154; x_wconf 89' lang='lat' dir='ltr'>heredes</span> <span class='ocrx_word' id='word_1_299' title='bbox 786 3101 875 3152; x_wconf 87' lang='lat' dir='ltr'>erant</span> <span class='ocrx_word' id='word_1_300' title='bbox 887 3096 1088 3159; x_wconf 85' lang='lat' dir='ltr'>testamento,</span> <span class='ocrx_word' id='word_1_301' title='bbox 1111 3088 1163 3149; x_wconf 89' lang='lat' dir='ltr'>he-</span> 
     </span>
     <span class='ocr_line' id='line_1_36' title="bbox 126 3173 1163 3248; baseline 0 -16"><span class='ocrx_word' id='word_1_302' title='bbox 126 3173 288 3234; x_wconf 85' lang='lat' dir='ltr'>reditatem</span> <span class='ocrx_word' id='word_1_303' title='bbox 309 3177 435 3236; x_wconf 90' lang='lat' dir='ltr'>adeunt.</span> <span class='ocrx_word' id='word_1_304' title='bbox 478 3178 586 3239; x_wconf 78' lang='lat' dir='ltr'>Frater</span> <span class='ocrx_word' id='word_1_305' title='bbox 605 3176 706 3238; x_wconf 85' lang='lat' dir='ltr'>minor</span> <span class='ocrx_word' id='word_1_306' title='bbox 726 3175 875 3244; x_wconf 80' lang='lat' dir='ltr'>Malleoli,</span> <span class='ocrx_word' id='word_1_307' title='bbox 898 3173 954 3248; x_wconf 77' lang='lat' dir='ltr'>qui</span> <span class='ocrx_word' id='word_1_308' title='bbox 973 3189 1042 3232; x_wconf 88' lang='lat' dir='ltr'>eum</span> <span class='ocrx_word' id='word_1_309' title='bbox 1065 3189 1163 3248; x_wconf 89' lang='lat' dir='ltr'>oppu-</span> 
     </span>
     <span class='ocr_line' id='line_1_37' title="bbox 126 3257 1164 3335; baseline 0.002 -19"><span class='ocrx_word' id='word_1_310' title='bbox 126 3266 277 3331; x_wconf 81' lang='lat' dir='ltr'>gnaverat</span> <span class='ocrx_word' id='word_1_311' title='bbox 302 3257 332 3318; x_wconf 88' lang='lat' dir='ltr'>in</span> <span class='ocrx_word' id='word_1_312' title='bbox 356 3259 422 3319; x_wconf 88' lang='lat' dir='ltr'>eius</span> <span class='ocrx_word' id='word_1_313' title='bbox 449 3259 604 3335; x_wconf 88' lang='lat' dir='ltr'>periculo,</span> <span class='ocrx_word' id='word_1_314' title='bbox 631 3277 720 3321; x_wconf 90' lang='lat' dir='ltr'>suam</span> <span class='ocrx_word' id='word_1_315' title='bbox 744 3267 838 3320; x_wconf 88' lang='lat' dir='ltr'>vocat</span> <span class='ocrx_word' id='word_1_316' title='bbox 864 3257 1065 3318; x_wconf 84' lang='lat' dir='ltr'>hereditatem</span> <span class='ocrx_word' id='word_1_317' title='bbox 1093 3260 1164 3332; x_wconf 80' lang='lat' dir='ltr'>lege</span> 
     </span>
     <span class='ocr_line' id='line_1_38' title="bbox 127 3340 1164 3414; baseline 0.002 -16"><span class='ocrx_word' id='word_1_318' title='bbox 127 3340 312 3414; x_wconf 79' lang='lat' dir='ltr'>agnationis.</span> <span class='ocrx_word' id='word_1_319' title='bbox 346 3341 402 3403; x_wconf 88' lang='lat' dir='ltr'>Hic</span> <span class='ocrx_word' id='word_1_320' title='bbox 419 3351 502 3404; x_wconf 83' lang='lat' dir='ltr'>certa</span> <span class='ocrx_word' id='word_1_321' title='bbox 523 3345 620 3405; x_wconf 89' lang='lat' dir='ltr'>lexin</span> <span class='ocrx_word' id='word_1_322' title='bbox 641 3361 706 3405; x_wconf 89' lang='lat' dir='ltr'>rem</span> <span class='ocrx_word' id='word_1_323' title='bbox 728 3345 812 3402; x_wconf 86' lang='lat' dir='ltr'>nulla</span> <span class='ocrx_word' id='word_1_324' title='bbox 832 3343 985 3414; x_wconf 75' lang='lat' dir='ltr'>adfertur,</span> <span class='ocrx_word' id='word_1_325' title='bbox 1009 3350 1164 3402; x_wconf 86' lang='lat' dir='ltr'>ettamen</span> 
     </span>
     <span class='ocr_line' id='line_1_39' title="bbox 126 3426 1163 3504; baseline 0.003 -23"><span class='ocrx_word' id='word_1_326' title='bbox 126 3426 242 3484; x_wconf 90' lang='lat' dir='ltr'>multae</span> <span class='ocrx_word' id='word_1_327' title='bbox 256 3427 445 3499; x_wconf 85' lang='lat' dir='ltr'>adseruntur,</span> <span class='ocrx_word' id='word_1_328' title='bbox 459 3445 497 3487; x_wconf 87' lang='lat' dir='ltr'>ex</span> <span class='ocrx_word' id='word_1_329' title='bbox 511 3429 622 3504; x_wconf 89' lang='lat' dir='ltr'>quibus</span> <span class='ocrx_word' id='word_1_330' title='bbox 633 3426 828 3489; x_wconf 88' lang='lat' dir='ltr'>ratiocinatio</span> <span class='ocrx_word' id='word_1_331' title='bbox 841 3426 987 3498; x_wconf 88' lang='lat' dir='ltr'>nascitur,</span> <span class='ocrx_word' id='word_1_332' title='bbox 1002 3442 1098 3502; x_wconf 87' lang='lat' dir='ltr'>quare</span> <span class='ocrx_word' id='word_1_333' title='bbox 1107 3441 1163 3500; x_wconf 92' lang='lat' dir='ltr'>po·</span> 
     </span>
    </p>
   </div>
   <div class='ocr_carea' id='block_1_5' title="bbox 0 0 1296 3892">
    <p class='ocr_par' dir='ltr' id='par_1_7' title="bbox 0 0 1296 3892">
     <span class='ocr_line' id='line_1_40' title="bbox 0 0 1296 3892; baseline 0 0"><span class='ocrx_word' id='word_1_334' title='bbox 0 0 1296 3892; x_wconf 95' lang='lat' dir='ltr'> </span> 
     </span>
    </p>
   </div>
  </div>
 </body>
</html>
