<?xml version="1.0" encoding="UTF-8"?>
<!DOCTYPE html PUBLIC "-//W3C//DTD XHTML 1.0 Transitional//EN"
    "http://www.w3.org/TR/xhtml1/DTD/xhtml1-transitional.dtd">
<html xmlns="http://www.w3.org/1999/xhtml" xml:lang="en" lang="en">
 <head>
  <title>
</title>
<meta http-equiv="Content-Type" content="text/html;charset=utf-8" />
  <meta name='ocr-system' content='tesseract 3.04.00' />
  <meta name='ocr-capabilities' content='ocr_page ocr_carea ocr_par ocr_line ocrx_word'/>
</head>
<body>
  <div class='ocr_page' id='page_1' title='image "./mtulliiciceroni00friegoog/mtulliiciceroni00friegoog_0159.png"; bbox 0 0 2575 3892; ppageno 0'>
   <div class='ocr_carea' id='block_1_1' title="bbox 108 203 1268 293">
    <p class='ocr_par' dir='ltr' id='par_1_1' title="bbox 108 203 1268 293">
     <span class='ocr_line' id='line_1_1' title="bbox 108 203 1268 293; baseline -0.002 -23"><span class='ocrx_word' id='word_1_1' title='bbox 108 216 152 293; x_wconf 27' lang='lat' dir='ltr'>,a</span> <span class='ocrx_word' id='word_1_2' title='bbox 364 203 945 271; x_wconf 76' lang='lat' dir='ltr'>LIBERI.CAP.1e-11.t.1a-1e</span> <span class='ocrx_word' id='word_1_3' title='bbox 1113 204 1174 268; x_wconf 89' lang='lat'>111</span> <span class='ocrx_word' id='word_1_4' title='bbox 1267 210 1268 217; x_wconf 76' lang='grc'>’</span> 
     </span>
    </p>
   </div>
   <div class='ocr_carea' id='block_1_2' title="bbox 87 353 1176 2180">
    <p class='ocr_par' dir='ltr' id='par_1_2' title="bbox 87 353 1176 2180">
     <span class='ocr_line' id='line_1_2' title="bbox 135 353 1174 432; baseline 0.002 -14"><span class='ocrx_word' id='word_1_5' title='bbox 135 357 244 418; x_wconf 90' lang='lat' dir='ltr'>eadem</span> <span class='ocrx_word' id='word_1_6' title='bbox 264 365 352 432; x_wconf 89' lang='lat' dir='ltr'>parte</span> <span class='ocrx_word' id='word_1_7' title='bbox 372 356 483 416; x_wconf 88' lang='lat' dir='ltr'>eodem</span> <span class='ocrx_word' id='word_1_8' title='bbox 503 353 535 414; x_wconf 93' lang='lat' dir='ltr'>in</span> <span class='ocrx_word' id='word_1_9' title='bbox 556 369 671 429; x_wconf 78' lang='lat' dir='ltr'>genere</span> <span class='ocrx_word' id='word_1_10' title='bbox 692 364 723 416; x_wconf 89' lang='lat' dir='ltr'>et</span> <span class='ocrx_word' id='word_1_11' title='bbox 748 356 961 418; x_wconf 89' lang='lat' dir='ltr'>coniecturalis</span> <span class='ocrx_word' id='word_1_12' title='bbox 984 375 1056 419; x_wconf 88' lang='lat' dir='ltr'>esse</span> <span class='ocrx_word' id='word_1_13' title='bbox 1078 367 1109 420; x_wconf 91' lang='lat' dir='ltr'>et</span> <span class='ocrx_word' id='word_1_14' title='bbox 1122 360 1174 420; x_wconf 87' lang='lat' dir='ltr'>de·</span> 
     </span>
     <span class='ocr_line' id='line_1_3' title="bbox 135 438 1176 514; baseline -0.001 -12"><span class='ocrx_word' id='word_1_15' title='bbox 135 440 265 502; x_wconf 80' lang='lat' dir='ltr'>finitiva.</span> <span class='ocrx_word' id='word_1_16' title='bbox 276 442 420 514; x_wconf 87' lang='lat' dir='ltr'><strong>[Rursus]</strong></span> <span class='ocrx_word' id='word_1_17' title='bbox 435 453 493 498; x_wconf 90' lang='lat' dir='ltr'>neo</span> <span class='ocrx_word' id='word_1_18' title='bbox 508 438 667 499; x_wconf 86' lang='lat' dir='ltr'>definitiva</span> <span class='ocrx_word' id='word_1_19' title='bbox 681 454 777 499; x_wconf 88' lang='lat' dir='ltr'>eausa</span> <span class='ocrx_word' id='word_1_20' title='bbox 790 447 893 514; x_wconf 88' lang='lat' dir='ltr'>potest</span> <span class='ocrx_word' id='word_1_21' title='bbox 908 440 996 502; x_wconf 88' lang='lat' dir='ltr'>simul</span> <span class='ocrx_word' id='word_1_22' title='bbox 1012 459 1053 501; x_wconf 88' lang='lat' dir='ltr'>ex</span> <span class='ocrx_word' id='word_1_23' title='bbox 1066 444 1176 503; x_wconf 88' lang='lat' dir='ltr'>eadem</span> 
     </span>
     <span class='ocr_line' id='line_1_4' title="bbox 87 520 1176 601; baseline 0 -16"><span class='ocrx_word' id='word_1_24' title='bbox 87 530 89 533; x_wconf 80' lang='grc'>’</span> <span class='ocrx_word' id='word_1_25' title='bbox 134 535 224 601; x_wconf 91' lang='lat' dir='ltr'>parte</span> <span class='ocrx_word' id='word_1_26' title='bbox 249 524 360 583; x_wconf 88' lang='lat' dir='ltr'>eodem</span> <span class='ocrx_word' id='word_1_27' title='bbox 381 522 412 581; x_wconf 91' lang='lat' dir='ltr'>in</span> <span class='ocrx_word' id='word_1_28' title='bbox 433 534 547 596; x_wconf 82' lang='lat' dir='ltr'>genere</span> <span class='ocrx_word' id='word_1_29' title='bbox 569 529 599 581; x_wconf 90' lang='lat' dir='ltr'>el</span> <span class='ocrx_word' id='word_1_30' title='bbox 614 520 773 582; x_wconf 84' lang='lat' dir='ltr'>definitiva</span> <span class='ocrx_word' id='word_1_31' title='bbox 786 538 858 582; x_wconf 87' lang='lat' dir='ltr'>esse</span> <span class='ocrx_word' id='word_1_32' title='bbox 874 532 904 582; x_wconf 92' lang='lat' dir='ltr'>et</span> <span class='ocrx_word' id='word_1_33' title='bbox 917 526 1103 585; x_wconf 86' lang='lat' dir='ltr'>translativa.</span> <span class='ocrx_word' id='word_1_34' title='bbox 1137 526 1176 585; x_wconf 85' lang='lat' dir='ltr'>Et</span> 
     </span>
     <span class='ocr_line' id='line_1_5' title="bbox 135 604 1175 681; baseline -0.002 -11"><span class='ocrx_word' id='word_1_35' title='bbox 135 607 262 670; x_wconf 90' lang='lat' dir='ltr'>omniuo</span> <span class='ocrx_word' id='word_1_36' title='bbox 277 606 362 664; x_wconf 88' lang='lat' dir='ltr'>nulla</span> <span class='ocrx_word' id='word_1_37' title='bbox 377 604 551 666; x_wconf 90' lang='lat' dir='ltr'>constitutio</span> <span class='ocrx_word' id='word_1_38' title='bbox 568 620 626 665; x_wconf 91' lang='lat' dir='ltr'>nec</span> <span class='ocrx_word' id='word_1_39' title='bbox 641 621 715 680; x_wconf 89' lang='lat' dir='ltr'>pars</span> <span class='ocrx_word' id='word_1_40' title='bbox 731 604 958 665; x_wconf 73' lang='lat' dir='ltr'>constitutionis</span> <span class='ocrx_word' id='word_1_41' title='bbox 969 615 1072 681; x_wconf 87' lang='lat' dir='ltr'>potest</span> <span class='ocrx_word' id='word_1_42' title='bbox 1085 608 1175 668; x_wconf 91' lang='lat' dir='ltr'>simul</span> 
     </span>
     <span class='ocr_line' id='line_1_6' title="bbox 103 687 1175 765; baseline -0.002 -13"><span class='ocrx_word' id='word_1_43' title='bbox 103 727 105 730; x_wconf 78' lang='lat'><em>.</em></span> <span class='ocrx_word' id='word_1_44' title='bbox 137 700 170 752; x_wconf 87' lang='lat' dir='ltr'>et</span> <span class='ocrx_word' id='word_1_45' title='bbox 190 706 278 750; x_wconf 89' lang='lat' dir='ltr'>suam</span> <span class='ocrx_word' id='word_1_46' title='bbox 297 689 412 748; x_wconf 87' lang='lat' dir='ltr'>habere</span> <span class='ocrx_word' id='word_1_47' title='bbox 432 697 463 749; x_wconf 90' lang='lat' dir='ltr'>et</span> <span class='ocrx_word' id='word_1_48' title='bbox 483 687 609 748; x_wconf 87' lang='lat' dir='ltr'>alterius</span> <span class='ocrx_word' id='word_1_49' title='bbox 630 689 713 759; x_wconf 89' lang='lat' dir='ltr'>inse</span> <span class='ocrx_word' id='word_1_50' title='bbox 726 688 789 747; x_wconf 90' lang='lat' dir='ltr'>vim</span> <span class='ocrx_word' id='word_1_51' title='bbox 803 688 977 759; x_wconf 84' lang='lat' dir='ltr'>continere;</span> <span class='ocrx_word' id='word_1_52' title='bbox 1003 689 1074 749; x_wconf 91' lang='lat' dir='ltr'>ideo</span> <span class='ocrx_word' id='word_1_53' title='bbox 1091 694 1175 765; x_wconf 86' lang='lat' dir='ltr'>quod</span> 
     </span>
     <span class='ocr_line' id='line_1_7' title="bbox 135 754 1174 849; baseline -0.004 -14"><span class='ocrx_word' id='word_1_54' title='bbox 135 790 199 835; x_wconf 83' lang='lat' dir='ltr'>una</span> <span class='ocrx_word' id='word_1_55' title='bbox 221 788 364 849; x_wconf 87' lang='lat' dir='ltr'>quaeque</span> <span class='ocrx_word' id='word_1_56' title='bbox 386 789 425 832; x_wconf 85' lang='lat' dir='ltr'>ex</span> <span class='ocrx_word' id='word_1_57' title='bbox 447 788 482 832; x_wconf 88' lang='lat' dir='ltr'>se</span> <span class='ocrx_word' id='word_1_58' title='bbox 504 780 534 832; x_wconf 92' lang='lat' dir='ltr'>et</span> <span class='ocrx_word' id='word_1_59' title='bbox 554 789 595 832; x_wconf 85' lang='lat' dir='ltr'>ex</span> <span class='ocrx_word' id='word_1_60' title='bbox 610 788 668 832; x_wconf 86' lang='lat' dir='ltr'>sua</span> <span class='ocrx_word' id='word_1_61' title='bbox 681 781 790 832; x_wconf 90' lang='lat' dir='ltr'>natura</span> <span class='ocrx_word' id='word_1_62' title='bbox 805 754 984 846; x_wconf 59' lang='lat' dir='ltr'>simplioricr</span> <span class='ocrx_word' id='word_1_63' title='bbox 999 771 1174 832; x_wconf 87' lang='lat' dir='ltr'>considera-</span> 
     </span>
     <span class='ocr_line' id='line_1_8' title="bbox 138 853 1175 931; baseline -0.006 -13"><span class='ocrx_word' id='word_1_64' title='bbox 138 866 200 928; x_wconf 88' lang='lat' dir='ltr'>tur;</span> <span class='ocrx_word' id='word_1_65' title='bbox 227 859 323 917; x_wconf 88' lang='lat' dir='ltr'>altera</span> <span class='ocrx_word' id='word_1_66' title='bbox 343 857 523 931; x_wconf 85' lang='lat' dir='ltr'>adsumpta,</span> <span class='ocrx_word' id='word_1_67' title='bbox 549 872 696 916; x_wconf 92' lang='lat' dir='ltr'>numerus</span> <span class='ocrx_word' id='word_1_68' title='bbox 718 854 970 917; x_wconf 82' lang='lat' dir='ltr'>constitutionum</span> <span class='ocrx_word' id='word_1_69' title='bbox 992 853 1175 929; x_wconf 89' lang='lat' dir='ltr'>duplicatur,</span> 
     </span>
     <span class='ocr_line' id='line_1_9' title="bbox 118 937 1176 1023; baseline -0.003 -24"><span class='ocrx_word' id='word_1_70' title='bbox 118 938 199 1001; x_wconf 66' lang='lat' dir='ltr'>&#39;non</span> <span class='ocrx_word' id='word_1_71' title='bbox 219 940 267 1001; x_wconf 88' lang='lat' dir='ltr'>vis</span> <span class='ocrx_word' id='word_1_72' title='bbox 290 937 517 1001; x_wconf 82' lang='lat' dir='ltr'>constitutionis</span> <span class='ocrx_word' id='word_1_73' title='bbox 532 949 670 1012; x_wconf 84' lang='lat' dir='ltr'>augetur.</span> <span class='ocrx_word' id='word_1_74' title='bbox 706 942 747 1001; x_wconf 92' lang='lat' dir='ltr'>At</span> <span class='ocrx_word' id='word_1_75' title='bbox 761 937 961 1023; x_wconf 81' lang='lat' dir='ltr'>deliberativa</span> <span class='ocrx_word' id='word_1_76' title='bbox 976 953 1072 998; x_wconf 87' lang='lat' dir='ltr'>eausa</span> <span class='ocrx_word' id='word_1_77' title='bbox 1086 937 1176 1001; x_wconf 90' lang='lat' dir='ltr'>simul</span> 
     </span>
     <span class='ocr_line' id='line_1_10' title="bbox 136 1022 1175 1098; baseline -0.005 -13"><span class='ocrx_word' id='word_1_78' title='bbox 136 1037 179 1085; x_wconf 85' lang='lat' dir='ltr'>ex</span> <span class='ocrx_word' id='word_1_79' title='bbox 198 1025 308 1084; x_wconf 89' lang='lat' dir='ltr'>eadem</span> <span class='ocrx_word' id='word_1_80' title='bbox 328 1032 416 1098; x_wconf 88' lang='lat' dir='ltr'>parte</span> <span class='ocrx_word' id='word_1_81' title='bbox 437 1023 549 1082; x_wconf 89' lang='lat' dir='ltr'>eodem</span> <span class='ocrx_word' id='word_1_82' title='bbox 563 1023 594 1082; x_wconf 94' lang='lat' dir='ltr'>in</span> <span class='ocrx_word' id='word_1_83' title='bbox 609 1038 724 1098; x_wconf 88' lang='lat' dir='ltr'>genere</span> <span class='ocrx_word' id='word_1_84' title='bbox 740 1031 770 1084; x_wconf 86' lang='lat' dir='ltr'>et</span> <span class='ocrx_word' id='word_1_85' title='bbox 785 1022 1023 1084; x_wconf 83' lang='lat' dir='ltr'>coniecturalem</span> <span class='ocrx_word' id='word_1_86' title='bbox 1038 1028 1068 1081; x_wconf 88' lang='lat' dir='ltr'>et</span> <span class='ocrx_word' id='word_1_87' title='bbox 1083 1036 1175 1095; x_wconf 88' lang='lat' dir='ltr'>gene-</span> 
     </span>
     <span class='ocr_line' id='line_1_11' title="bbox 135 1105 1175 1189; baseline -0.004 -21"><span class='ocrx_word' id='word_1_88' title='bbox 135 1109 232 1169; x_wconf 89' lang='lat' dir='ltr'>ralem</span> <span class='ocrx_word' id='word_1_89' title='bbox 252 1116 283 1167; x_wconf 89' lang='lat' dir='ltr'>et</span> <span class='ocrx_word' id='word_1_90' title='bbox 302 1105 490 1166; x_wconf 87' lang='lat' dir='ltr'>definitivam</span> <span class='ocrx_word' id='word_1_91' title='bbox 510 1113 543 1166; x_wconf 86' lang='lat' dir='ltr'>et</span> <span class='ocrx_word' id='word_1_92' title='bbox 561 1105 771 1189; x_wconf 79' lang='lat' dir='ltr'>translativam</span> <span class='ocrx_word' id='word_1_93' title='bbox 793 1108 872 1167; x_wconf 88' lang='lat' dir='ltr'>solet</span> <span class='ocrx_word' id='word_1_94' title='bbox 892 1106 1007 1166; x_wconf 89' lang='lat' dir='ltr'>habere</span> <span class='ocrx_word' id='word_1_95' title='bbox 1029 1105 1175 1164; x_wconf 88' lang='lat' dir='ltr'>constitu-</span> 
     </span>
     <span class='ocr_line' id='line_1_12' title="bbox 134 1187 1176 1265; baseline -0.004 -14"><span class='ocrx_word' id='word_1_96' title='bbox 134 1189 249 1252; x_wconf 88' lang='lat' dir='ltr'>tionem</span> <span class='ocrx_word' id='word_1_97' title='bbox 265 1199 295 1250; x_wconf 89' lang='lat' dir='ltr'>et</span> <span class='ocrx_word' id='word_1_98' title='bbox 308 1206 401 1250; x_wconf 85' lang='lat' dir='ltr'>unam</span> <span class='ocrx_word' id='word_1_99' title='bbox 410 1188 578 1264; x_wconf 88' lang='lat' dir='ltr'>aliquando</span> <span class='ocrx_word' id='word_1_100' title='bbox 591 1197 621 1251; x_wconf 89' lang='lat' dir='ltr'>et</span> <span class='ocrx_word' id='word_1_101' title='bbox 632 1191 737 1264; x_wconf 88' lang='lat' dir='ltr'>plures</span> <span class='ocrx_word' id='word_1_102' title='bbox 749 1200 989 1265; x_wconf 88' lang='lat' dir='ltr'>nonnumquam.</span> <span class='ocrx_word' id='word_1_103' title='bbox 1011 1189 1093 1263; x_wconf 85' lang='lat' dir='ltr'>Ergo</span> <span class='ocrx_word' id='word_1_104' title='bbox 1104 1187 1176 1263; x_wconf 89' lang='lat' dir='ltr'>ipsa</span> 
     </span>
     <span class='ocr_line' id='line_1_13' title="bbox 134 1271 1174 1349; baseline -0.001 -16"><span class='ocrx_word' id='word_1_105' title='bbox 134 1290 237 1349; x_wconf 88' lang='lat' dir='ltr'>neque</span> <span class='ocrx_word' id='word_1_106' title='bbox 259 1271 436 1334; x_wconf 89' lang='lat' dir='ltr'>constitutio</span> <span class='ocrx_word' id='word_1_107' title='bbox 459 1281 585 1333; x_wconf 89' lang='lat' dir='ltr'>estnec</span> <span class='ocrx_word' id='word_1_108' title='bbox 606 1290 680 1349; x_wconf 88' lang='lat' dir='ltr'>pars</span> <span class='ocrx_word' id='word_1_109' title='bbox 702 1272 940 1334; x_wconf 86' lang='lat' dir='ltr'>constitutionis.</span> <span class='ocrx_word' id='word_1_110' title='bbox 973 1273 1059 1333; x_wconf 88' lang='lat' dir='ltr'>Idem</span> <span class='ocrx_word' id='word_1_111' title='bbox 1073 1271 1105 1330; x_wconf 93' lang='lat' dir='ltr'>in</span> <span class='ocrx_word' id='word_1_112' title='bbox 1120 1273 1174 1332; x_wconf 89' lang='lat' dir='ltr'>de-</span> 
     </span>
     <span class='ocr_line' id='line_1_14' title="bbox 133 1355 1173 1432; baseline -0.004 -14"><span class='ocrx_word' id='word_1_113' title='bbox 133 1356 357 1418; x_wconf 84' lang='lat' dir='ltr'>monstratione</span> <span class='ocrx_word' id='word_1_114' title='bbox 372 1358 452 1417; x_wconf 89' lang='lat' dir='ltr'>solet</span> <span class='ocrx_word' id='word_1_115' title='bbox 465 1373 526 1417; x_wconf 94' lang='lat' dir='ltr'>usu</span> <span class='ocrx_word' id='word_1_116' title='bbox 540 1356 658 1417; x_wconf 89' lang='lat' dir='ltr'>venire.</span> <span class='ocrx_word' id='word_1_117' title='bbox 695 1356 815 1418; x_wconf 87' lang='lat' dir='ltr'>Genera</span> <span class='ocrx_word' id='word_1_118' title='bbox 830 1356 936 1432; x_wconf 88' lang='lat' dir='ltr'>igitur,</span> <span class='ocrx_word' id='word_1_119' title='bbox 960 1364 994 1417; x_wconf 93' lang='lat' dir='ltr'>ut</span> <span class='ocrx_word' id='word_1_120' title='bbox 1009 1364 1081 1417; x_wconf 88' lang='lat' dir='ltr'>ante</span> <span class='ocrx_word' id='word_1_121' title='bbox 1096 1355 1173 1414; x_wconf 89' lang='lat' dir='ltr'>dixi-</span> 
     </span>
     <span class='ocr_line' id='line_1_15' title="bbox 133 1439 1166 1516; baseline -0.002 -17"><span class='ocrx_word' id='word_1_122' title='bbox 133 1458 213 1512; x_wconf 71' lang='lat' dir='ltr'>mus</span> <span class='ocrx_word' id='word_1_123' title='bbox 232 1442 310 1501; x_wconf 88' lang='lat' dir='ltr'>haec</span> <span class='ocrx_word' id='word_1_124' title='bbox 325 1456 488 1500; x_wconf 87' lang='lat' dir='ltr'>causarum</span> <span class='ocrx_word' id='word_1_125' title='bbox 503 1441 640 1516; x_wconf 86' lang='lat' dir='ltr'>putanda</span> <span class='ocrx_word' id='word_1_126' title='bbox 655 1449 734 1513; x_wconf 86' lang='lat' dir='ltr'>sunt,</span> <span class='ocrx_word' id='word_1_127' title='bbox 753 1457 818 1501; x_wconf 91' lang='lat' dir='ltr'>non</span> <span class='ocrx_word' id='word_1_128' title='bbox 833 1449 939 1515; x_wconf 86' lang='lat' dir='ltr'>partes</span> <span class='ocrx_word' id='word_1_129' title='bbox 954 1439 1084 1501; x_wconf 86' lang='lat' dir='ltr'>alicuius</span> <span class='ocrx_word' id='word_1_130' title='bbox 1100 1456 1166 1499; x_wconf 90' lang='lat' dir='ltr'>cen-</span> 
     </span>
     <span class='ocr_line' id='line_1_16' title="bbox 136 1521 1166 1598; baseline 0 -16"><span class='ocrx_word' id='word_1_131' title='bbox 136 1521 311 1582; x_wconf 85' lang='lat' dir='ltr'>stitutionis.</span> <span class='ocrx_word' id='word_1_132' title='bbox 342 1523 393 1581; x_wconf 76' lang='lat' dir='ltr'>XL</span> <span class='ocrx_word' id='word_1_133' title='bbox 412 1525 498 1582; x_wconf 89' lang='lat' dir='ltr'>Haec</span> <span class='ocrx_word' id='word_1_134' title='bbox 513 1539 587 1598; x_wconf 87' lang='lat' dir='ltr'>ergo</span> <span class='ocrx_word' id='word_1_135' title='bbox 603 1523 796 1595; x_wconf 89' lang='lat' dir='ltr'>constitutio,</span> <span class='ocrx_word' id='word_1_136' title='bbox 824 1540 916 1598; x_wconf 88' lang='lat' dir='ltr'>quam</span> <span class='ocrx_word' id='word_1_137' title='bbox 930 1524 1105 1598; x_wconf 84' lang='lat' dir='ltr'>generalem</span> <span class='ocrx_word' id='word_1_138' title='bbox 1119 1540 1166 1582; x_wconf 95' lang='lat' dir='ltr'>no·</span> 
     </span>
     <span class='ocr_line' id='line_1_17' title="bbox 134 1602 1175 1680; baseline 0.002 -17"><span class='ocrx_word' id='word_1_139' title='bbox 134 1602 302 1677; x_wconf 85' lang='lat' dir='ltr'>minamus,</span> <span class='ocrx_word' id='word_1_140' title='bbox 318 1615 423 1680; x_wconf 88' lang='lat' dir='ltr'>partes</span> <span class='ocrx_word' id='word_1_141' title='bbox 437 1604 559 1665; x_wconf 92' lang='lat' dir='ltr'>videtur</span> <span class='ocrx_word' id='word_1_142' title='bbox 573 1604 665 1665; x_wconf 90' lang='lat' dir='ltr'>nobis</span> <span class='ocrx_word' id='word_1_143' title='bbox 680 1607 758 1667; x_wconf 89' lang='lat' dir='ltr'>duas</span> <span class='ocrx_word' id='word_1_144' title='bbox 773 1605 903 1677; x_wconf 88' lang='lat' dir='ltr'>habere,</span> <span class='ocrx_word' id='word_1_145' title='bbox 929 1604 1129 1666; x_wconf 89' lang='lat' dir='ltr'>iuridicialem</span> <span class='ocrx_word' id='word_1_146' title='bbox 1144 1614 1175 1665; x_wconf 90' lang='lat' dir='ltr'>et</span> 
     </span>
     <span class='ocr_line' id='line_1_18' title="bbox 134 1686 1175 1764; baseline 0 -17"><span class='ocrx_word' id='word_1_147' title='bbox 134 1687 333 1764; x_wconf 86' lang='lat' dir='ltr'>negotialem.</span> <span class='ocrx_word' id='word_1_148' title='bbox 365 1686 548 1748; x_wconf 85' lang='lat' dir='ltr'>Iuridicialis</span> <span class='ocrx_word' id='word_1_149' title='bbox 563 1697 619 1760; x_wconf 88' lang='lat' dir='ltr'>est,</span> <span class='ocrx_word' id='word_1_150' title='bbox 634 1688 666 1745; x_wconf 93' lang='lat' dir='ltr'>in</span> <span class='ocrx_word' id='word_1_151' title='bbox 683 1705 744 1763; x_wconf 93' lang='lat' dir='ltr'>qua</span> <span class='ocrx_word' id='word_1_152' title='bbox 758 1688 851 1763; x_wconf 86' lang='lat' dir='ltr'>aequi</span> <span class='ocrx_word' id='word_1_153' title='bbox 866 1697 897 1748; x_wconf 90' lang='lat' dir='ltr'>et</span> <span class='ocrx_word' id='word_1_154' title='bbox 909 1688 986 1749; x_wconf 90' lang='lat' dir='ltr'>recti</span> <span class='ocrx_word' id='word_1_155' title='bbox 1000 1697 1108 1748; x_wconf 87' lang='lat' dir='ltr'>natura</span> <span class='ocrx_word' id='word_1_156' title='bbox 1122 1696 1175 1747; x_wconf 92' lang='lat' dir='ltr'>aut</span> 
     </span>
     <span class='ocr_line' id='line_1_19' title="bbox 133 1769 1174 1847; baseline -0.003 -15"><span class='ocrx_word' id='word_1_157' title='bbox 133 1771 264 1847; x_wconf 88' lang='lat' dir='ltr'>praemii</span> <span class='ocrx_word' id='word_1_158' title='bbox 278 1779 332 1832; x_wconf 88' lang='lat' dir='ltr'>aut</span> <span class='ocrx_word' id='word_1_159' title='bbox 346 1786 467 1845; x_wconf 88' lang='lat' dir='ltr'>poenae</span> <span class='ocrx_word' id='word_1_160' title='bbox 480 1770 556 1830; x_wconf 87' lang='lat' dir='ltr'>ratio</span> <span class='ocrx_word' id='word_1_161' title='bbox 573 1769 745 1846; x_wconf 85' lang='lat' dir='ltr'>quaeritur;</span> <span class='ocrx_word' id='word_1_162' title='bbox 766 1770 939 1845; x_wconf 86' lang='lat' dir='ltr'>negotialis,</span> <span class='ocrx_word' id='word_1_163' title='bbox 966 1770 997 1829; x_wconf 94' lang='lat' dir='ltr'>in</span> <span class='ocrx_word' id='word_1_164' title='bbox 1013 1787 1083 1846; x_wconf 88' lang='lat' dir='ltr'>qua,</span> <span class='ocrx_word' id='word_1_165' title='bbox 1100 1771 1174 1844; x_wconf 88' lang='lat' dir='ltr'>quid</span> 
     </span>
     <span class='ocr_line' id='line_1_20' title="bbox 133 1852 1174 1928; baseline -0.002 -13"><span class='ocrx_word' id='word_1_166' title='bbox 133 1855 211 1915; x_wconf 91' lang='lat' dir='ltr'>iuris</span> <span class='ocrx_word' id='word_1_167' title='bbox 234 1871 273 1916; x_wconf 87' lang='lat' dir='ltr'>ex</span> <span class='ocrx_word' id='word_1_168' title='bbox 294 1853 377 1915; x_wconf 86' lang='lat' dir='ltr'>civili</span> <span class='ocrx_word' id='word_1_169' title='bbox 390 1870 476 1914; x_wconf 90' lang='lat' dir='ltr'>more</span> <span class='ocrx_word' id='word_1_170' title='bbox 491 1862 521 1914; x_wconf 88' lang='lat' dir='ltr'>et</span> <span class='ocrx_word' id='word_1_171' title='bbox 535 1853 690 1928; x_wconf 87' lang='lat' dir='ltr'>acquitate</span> <span class='ocrx_word' id='word_1_172' title='bbox 706 1853 759 1928; x_wconf 88' lang='lat' dir='ltr'>sit,</span> <span class='ocrx_word' id='word_1_173' title='bbox 786 1853 1014 1924; x_wconf 71' lang='lat' dir='ltr'>consideratur,</span> <span class='ocrx_word' id='word_1_174' title='bbox 1042 1852 1091 1912; x_wconf 91' lang='lat' dir='ltr'>cui</span> <span class='ocrx_word' id='word_1_175' title='bbox 1106 1853 1174 1913; x_wconf 91' lang='lat' dir='ltr'>dili-</span> 
     </span>
     <span class='ocr_line' id='line_1_21' title="bbox 133 1934 1173 2014; baseline -0.002 -16"><span class='ocrx_word' id='word_1_176' title='bbox 133 1938 256 2014; x_wconf 80' lang='lat' dir='ltr'>gantiae</span> <span class='ocrx_word' id='word_1_177' title='bbox 265 1953 414 2012; x_wconf 89' lang='lat' dir='ltr'>praeesse</span> <span class='ocrx_word' id='word_1_178' title='bbox 426 1937 510 2013; x_wconf 89' lang='lat' dir='ltr'>apud</span> <span class='ocrx_word' id='word_1_179' title='bbox 520 1937 666 2010; x_wconf 89' lang='lat' dir='ltr'>nosiuris</span> <span class='ocrx_word' id='word_1_180' title='bbox 678 1936 810 1999; x_wconf 87' lang='lat' dir='ltr'>consulti</span> <span class='ocrx_word' id='word_1_181' title='bbox 822 1936 1043 1998; x_wconf 85' lang='lat' dir='ltr'>existimantur.</span> <span class='ocrx_word' id='word_1_182' title='bbox 1065 1934 1173 1998; x_wconf 75' lang='grc' dir='ltr'>15.Αο</span> 
     </span>
     <span class='ocr_line' id='line_1_22' title="bbox 132 2018 1173 2097; baseline -0.003 -15"><span class='ocrx_word' id='word_1_183' title='bbox 132 2018 313 2082; x_wconf 88' lang='lat' dir='ltr'>iuridicialis</span> <span class='ocrx_word' id='word_1_184' title='bbox 329 2020 456 2097; x_wconf 84' lang='lat' dir='ltr'>quidem</span> <span class='ocrx_word' id='word_1_185' title='bbox 469 2020 540 2096; x_wconf 85' lang='lat' dir='ltr'>ipsa</span> <span class='ocrx_word' id='word_1_186' title='bbox 553 2020 585 2081; x_wconf 92' lang='lat' dir='ltr'>in</span> <span class='ocrx_word' id='word_1_187' title='bbox 600 2023 680 2082; x_wconf 87' lang='lat' dir='ltr'>duas</span> <span class='ocrx_word' id='word_1_188' title='bbox 694 2019 887 2083; x_wconf 87' lang='lat' dir='ltr'>distribuitur</span> <span class='ocrx_word' id='word_1_189' title='bbox 901 2030 1021 2097; x_wconf 77' lang='lat' dir='ltr'>parteS,</span> <span class='ocrx_word' id='word_1_190' title='bbox 1048 2022 1173 2082; x_wconf 91' lang='lat' dir='ltr'>absolu-</span> 
     </span>
     <span class='ocr_line' id='line_1_23' title="bbox 133 2103 1174 2180; baseline -0.001 -15"><span class='ocrx_word' id='word_1_191' title='bbox 133 2114 196 2165; x_wconf 88' lang='lat' dir='ltr'>tam</span> <span class='ocrx_word' id='word_1_192' title='bbox 211 2114 242 2167; x_wconf 90' lang='lat' dir='ltr'>et</span> <span class='ocrx_word' id='word_1_193' title='bbox 255 2104 491 2180; x_wconf 85' lang='lat' dir='ltr'>adsumptivam.</span> <span class='ocrx_word' id='word_1_194' title='bbox 521 2106 674 2166; x_wconf 78' lang='lat' dir='ltr'>Absoluta</span> <span class='ocrx_word' id='word_1_195' title='bbox 689 2114 745 2177; x_wconf 88' lang='lat' dir='ltr'>est,</span> <span class='ocrx_word' id='word_1_196' title='bbox 761 2121 841 2180; x_wconf 89' lang='lat' dir='ltr'>quae</span> <span class='ocrx_word' id='word_1_197' title='bbox 856 2104 926 2180; x_wconf 91' lang='lat' dir='ltr'>ipsa</span> <span class='ocrx_word' id='word_1_198' title='bbox 940 2105 971 2165; x_wconf 91' lang='lat' dir='ltr'>in</span> <span class='ocrx_word' id='word_1_199' title='bbox 987 2121 1022 2166; x_wconf 88' lang='lat' dir='ltr'>se</span> <span class='ocrx_word' id='word_1_200' title='bbox 1038 2103 1174 2166; x_wconf 88' lang='lat' dir='ltr'>continet</span> 
     </span>
    </p>
   </div>
   <div class='ocr_carea' id='block_1_3' title="bbox 29 2187 1174 2272">
    <p class='ocr_par' dir='ltr' id='par_1_3' title="bbox 29 2187 1174 2272">
     <span class='ocr_line' id='line_1_24' title="bbox 29 2187 1174 2272; baseline 0 -25"><span class='ocrx_word' id='word_1_201' title='bbox 29 2254 31 2257; x_wconf 87' lang='lat'>.</span> <span class='ocrx_word' id='word_1_202' title='bbox 132 2187 210 2248; x_wconf 92' lang='lat' dir='ltr'>iuris</span> <span class='ocrx_word' id='word_1_203' title='bbox 226 2197 256 2248; x_wconf 87' lang='lat' dir='ltr'>et</span> <span class='ocrx_word' id='word_1_204' title='bbox 269 2187 398 2249; x_wconf 88' lang='lat' dir='ltr'>iniuriae</span> <span class='ocrx_word' id='word_1_205' title='bbox 413 2187 640 2262; x_wconf 62' lang='lat' dir='ltr'>quaestionem</span> <span class='ocrx_word' id='word_1_206' title='bbox 668 2188 880 2264; x_wconf 87' lang='lat' dir='ltr'>adsumptiva,</span> <span class='ocrx_word' id='word_1_207' title='bbox 903 2206 984 2265; x_wconf 89' lang='lat' dir='ltr'>quae</span> <span class='ocrx_word' id='word_1_208' title='bbox 998 2188 1068 2272; x_wconf 86' lang='lat' dir='ltr'>ipsa</span> <span class='ocrx_word' id='word_1_209' title='bbox 1082 2205 1122 2249; x_wconf 87' lang='lat' dir='ltr'>cx</span> <span class='ocrx_word' id='word_1_210' title='bbox 1138 2205 1174 2248; x_wconf 91' lang='lat' dir='ltr'>se</span> 
     </span>
    </p>
   </div>
   <div class='ocr_carea' id='block_1_4' title="bbox 70 2269 1174 3517">
    <p class='ocr_par' dir='ltr' id='par_1_4' title="bbox 70 2269 1174 3517">
     <span class='ocr_line' id='line_1_25' title="bbox 132 2269 1172 2348; baseline -0.001 -18"><span class='ocrx_word' id='word_1_211' title='bbox 132 2269 209 2330; x_wconf 92' lang='lat' dir='ltr'>nihil</span> <span class='ocrx_word' id='word_1_212' title='bbox 230 2272 283 2333; x_wconf 86' lang='lat' dir='ltr'>dat</span> <span class='ocrx_word' id='word_1_213' title='bbox 301 2270 381 2331; x_wconf 86' lang='lat' dir='ltr'>firmi</span> <span class='ocrx_word' id='word_1_214' title='bbox 401 2272 442 2331; x_wconf 91' lang='lat' dir='ltr'>ad</span> <span class='ocrx_word' id='word_1_215' title='bbox 461 2271 702 2344; x_wconf 85' lang='lat' dir='ltr'>recusationem,</span> <span class='ocrx_word' id='word_1_216' title='bbox 729 2272 805 2333; x_wconf 88' lang='lat' dir='ltr'>loris</span> <span class='ocrx_word' id='word_1_217' title='bbox 818 2281 920 2333; x_wconf 86' lang='lat' dir='ltr'>eutem</span> <span class='ocrx_word' id='word_1_218' title='bbox 935 2270 1052 2348; x_wconf 89' lang='lat' dir='ltr'>aliquid</span> <span class='ocrx_word' id='word_1_219' title='bbox 1067 2272 1172 2332; x_wconf 87' lang='lat' dir='ltr'>delen-</span> 
     </span>
     <span class='ocr_line' id='line_1_26' title="bbox 134 2352 1174 2431; baseline -0.002 -15"><span class='ocrx_word' id='word_1_220' title='bbox 134 2353 233 2416; x_wconf 92' lang='lat' dir='ltr'>sionis</span> <span class='ocrx_word' id='word_1_221' title='bbox 245 2355 387 2417; x_wconf 81' lang='lat' dir='ltr'>adsumit.</span> <span class='ocrx_word' id='word_1_222' title='bbox 408 2352 484 2415; x_wconf 87' lang='lat' dir='ltr'>Eius</span> <span class='ocrx_word' id='word_1_223' title='bbox 495 2363 599 2430; x_wconf 88' lang='lat' dir='ltr'>partes</span> <span class='ocrx_word' id='word_1_224' title='bbox 613 2363 684 2415; x_wconf 90' lang='lat' dir='ltr'>sunt</span> <span class='ocrx_word' id='word_1_225' title='bbox 691 2364 842 2431; x_wconf 88' lang='lat' dir='ltr'>quattuor,</span> <span class='ocrx_word' id='word_1_226' title='bbox 857 2356 1030 2428; x_wconf 86' lang='lat' dir='ltr'>concessio,</span> <span class='ocrx_word' id='word_1_227' title='bbox 1044 2354 1174 2415; x_wconf 85' lang='lat' dir='ltr'>remotio</span> 
     </span>
     <span class='ocr_line' id='line_1_27' title="bbox 133 2437 1174 2522; baseline 0 -23"><span class='ocrx_word' id='word_1_228' title='bbox 133 2437 278 2514; x_wconf 89' lang='lat' dir='ltr'>criminis,</span> <span class='ocrx_word' id='word_1_229' title='bbox 299 2437 409 2521; x_wconf 88' lang='lat' dir='ltr'>relatio</span> <span class='ocrx_word' id='word_1_230' title='bbox 424 2437 570 2514; x_wconf 86' lang='lat' dir='ltr'>criminis,</span> <span class='ocrx_word' id='word_1_231' title='bbox 585 2439 785 2515; x_wconf 86' lang='lat' dir='ltr'>comparatio.</span> <span class='ocrx_word' id='word_1_232' title='bbox 821 2439 990 2501; x_wconf 82' lang='lat' dir='ltr'>Concessio</span> <span class='ocrx_word' id='word_1_233' title='bbox 1007 2446 1063 2513; x_wconf 91' lang='lat' dir='ltr'>est,</span> <span class='ocrx_word' id='word_1_234' title='bbox 1080 2454 1174 2522; x_wconf 87' lang='lat' dir='ltr'>quum</span> 
     </span>
     <span class='ocr_line' id='line_1_28' title="bbox 70 2522 1172 2599; baseline 0.004 -22"><span class='ocrx_word' id='word_1_235' title='bbox 70 2567 74 2577; x_wconf 77' lang='lat'><em>.</em></span> <span class='ocrx_word' id='word_1_236' title='bbox 131 2538 204 2583; x_wconf 90' lang='lat' dir='ltr'>reus</span> <span class='ocrx_word' id='word_1_237' title='bbox 220 2539 282 2583; x_wconf 93' lang='lat' dir='ltr'>non</span> <span class='ocrx_word' id='word_1_238' title='bbox 297 2522 344 2597; x_wconf 89' lang='lat' dir='ltr'>id,</span> <span class='ocrx_word' id='word_1_239' title='bbox 371 2523 455 2598; x_wconf 89' lang='lat' dir='ltr'>quod</span> <span class='ocrx_word' id='word_1_240' title='bbox 472 2523 663 2596; x_wconf 84' lang='lat' dir='ltr'>factumest,</span> <span class='ocrx_word' id='word_1_241' title='bbox 690 2523 842 2596; x_wconf 83' lang='lat' dir='ltr'>defendit,</span> <span class='ocrx_word' id='word_1_242' title='bbox 865 2525 922 2584; x_wconf 89' lang='lat' dir='ltr'>sed</span> <span class='ocrx_word' id='word_1_243' title='bbox 936 2531 970 2584; x_wconf 91' lang='lat' dir='ltr'>ut</span> <span class='ocrx_word' id='word_1_244' title='bbox 984 2523 1172 2599; x_wconf 87' lang='lat' dir='ltr'>ignoscatur,</span> 
     </span>
     <span class='ocr_line' id='line_1_29' title="bbox 130 2605 1173 2683; baseline 0 -17"><span class='ocrx_word' id='word_1_245' title='bbox 130 2608 278 2680; x_wconf 90' lang='lat' dir='ltr'>postulat.</span> <span class='ocrx_word' id='word_1_246' title='bbox 309 2605 439 2668; x_wconf 89' lang='lat' dir='ltr'>Haecin</span> <span class='ocrx_word' id='word_1_247' title='bbox 455 2608 533 2668; x_wconf 89' lang='lat' dir='ltr'>duas</span> <span class='ocrx_word' id='word_1_248' title='bbox 548 2614 654 2683; x_wconf 89' lang='lat' dir='ltr'>partes</span> <span class='ocrx_word' id='word_1_249' title='bbox 669 2606 829 2682; x_wconf 88' lang='lat' dir='ltr'>dividitur,</span> <span class='ocrx_word' id='word_1_250' title='bbox 845 2607 1059 2683; x_wconf 83' lang='lat' dir='ltr'>purgationem</span> <span class='ocrx_word' id='word_1_251' title='bbox 1074 2615 1105 2668; x_wconf 91' lang='lat' dir='ltr'>et</span> <span class='ocrx_word' id='word_1_252' title='bbox 1119 2608 1173 2667; x_wconf 90' lang='lat' dir='ltr'>de·</span> 
     </span>
     <span class='ocr_line' id='line_1_30' title="bbox 131 2687 1174 2764; baseline 0.005 -20"><span class='ocrx_word' id='word_1_253' title='bbox 131 2687 351 2762; x_wconf 87' lang='lat' dir='ltr'>precationem.</span> <span class='ocrx_word' id='word_1_254' title='bbox 368 2720 370 2724; x_wconf 94' lang='lat'>·</span> <span class='ocrx_word' id='word_1_255' title='bbox 386 2689 528 2763; x_wconf 85' lang='lat' dir='ltr'>Purgatio</span> <span class='ocrx_word' id='word_1_256' title='bbox 544 2699 605 2761; x_wconf 88' lang='lat' dir='ltr'>est,</span> <span class='ocrx_word' id='word_1_257' title='bbox 627 2707 721 2764; x_wconf 88' lang='lat' dir='ltr'>quum</span> <span class='ocrx_word' id='word_1_258' title='bbox 736 2692 850 2751; x_wconf 86' lang='lat' dir='ltr'>lactum</span> <span class='ocrx_word' id='word_1_259' title='bbox 864 2690 1059 2764; x_wconf 88' lang='lat' dir='ltr'>conceditur,</span> <span class='ocrx_word' id='word_1_260' title='bbox 1081 2691 1174 2764; x_wconf 90' lang='lat' dir='ltr'>culpa</span> 
     </span>
     <span class='ocr_line' id='line_1_31' title="bbox 132 2772 1171 2849; baseline 0.005 -23"><span class='ocrx_word' id='word_1_261' title='bbox 132 2777 319 2829; x_wconf 88' lang='lat' dir='ltr'>removetur.</span> <span class='ocrx_word' id='word_1_262' title='bbox 353 2772 439 2831; x_wconf 87' lang='lat' dir='ltr'>Haec</span> <span class='ocrx_word' id='word_1_263' title='bbox 453 2780 559 2846; x_wconf 87' lang='lat' dir='ltr'>partes</span> <span class='ocrx_word' id='word_1_264' title='bbox 573 2773 666 2832; x_wconf 89' lang='lat' dir='ltr'>habet</span> <span class='ocrx_word' id='word_1_265' title='bbox 679 2781 757 2844; x_wconf 87' lang='lat' dir='ltr'>tres,</span> <span class='ocrx_word' id='word_1_266' title='bbox 780 2772 1032 2849; x_wconf 85' lang='lat' dir='ltr'>imprudentiam,</span> <span class='ocrx_word' id='word_1_267' title='bbox 1055 2789 1171 2846; x_wconf 84' lang='lat' dir='ltr'>casum,</span> 
     </span>
     <span class='ocr_line' id='line_1_32' title="bbox 134 2850 1172 2929; baseline 0.006 -19"><span class='ocrx_word' id='word_1_268' title='bbox 134 2850 362 2912; x_wconf 85' lang='lat' dir='ltr'>necessitatem.</span> <span class='ocrx_word' id='word_1_269' title='bbox 390 2853 574 2928; x_wconf 87' lang='lat' dir='ltr'>Deprecatio</span> <span class='ocrx_word' id='word_1_270' title='bbox 591 2862 646 2925; x_wconf 92' lang='lat' dir='ltr'>est,</span> <span class='ocrx_word' id='word_1_271' title='bbox 664 2871 763 2929; x_wconf 87' lang='lat' dir='ltr'>quum·</span> <span class='ocrx_word' id='word_1_272' title='bbox 774 2864 804 2915; x_wconf 89' lang='lat' dir='ltr'>et</span> <span class='ocrx_word' id='word_1_273' title='bbox 817 2870 970 2928; x_wconf 86' lang='lat' dir='ltr'>peccasse</span> <span class='ocrx_word' id='word_1_274' title='bbox 985 2863 1016 2915; x_wconf 86' lang='lat' dir='ltr'>et</span> <span class='ocrx_word' id='word_1_275' title='bbox 1030 2856 1172 2916; x_wconf 90' lang='lat' dir='ltr'>consulto</span> 
     </span>
     <span class='ocr_line' id='line_1_33' title="bbox 132 2936 1170 3013; baseline 0.003 -17"><span class='ocrx_word' id='word_1_276' title='bbox 132 2948 285 3010; x_wconf 87' lang='lat' dir='ltr'>peccasse</span> <span class='ocrx_word' id='word_1_277' title='bbox 299 2952 372 2996; x_wconf 91' lang='lat' dir='ltr'>reus</span> <span class='ocrx_word' id='word_1_278' title='bbox 388 2951 423 2995; x_wconf 90' lang='lat' dir='ltr'>se</span> <span class='ocrx_word' id='word_1_279' title='bbox 436 2937 598 2997; x_wconf 85' lang='lat' dir='ltr'>confitetur</span> <span class='ocrx_word' id='word_1_280' title='bbox 609 2944 760 3011; x_wconf 86' lang='lat' dir='ltr'>ettamen,</span> <span class='ocrx_word' id='word_1_281' title='bbox 774 2946 809 3001; x_wconf 90' lang='lat' dir='ltr'>ut</span> <span class='ocrx_word' id='word_1_282' title='bbox 819 2936 1005 3011; x_wconf 88' lang='lat' dir='ltr'>ignoscatur,</span> <span class='ocrx_word' id='word_1_283' title='bbox 1020 2940 1170 3013; x_wconf 61' lang='lat' dir='ltr'>postulem</span> 
     </span>
     <span class='ocr_line' id='line_1_34' title="bbox 133 3018 1171 3097; baseline 0.005 -19"><span class='ocrx_word' id='word_1_284' title='bbox 133 3019 220 3094; x_wconf 89' lang='lat' dir='ltr'>quod</span> <span class='ocrx_word' id='word_1_285' title='bbox 241 3034 340 3094; x_wconf 86' lang='lat' dir='ltr'>genus</span> <span class='ocrx_word' id='word_1_286' title='bbox 360 3035 488 3094; x_wconf 88' lang='lat' dir='ltr'>perraro</span> <span class='ocrx_word' id='word_1_287' title='bbox 502 3027 608 3094; x_wconf 90' lang='lat' dir='ltr'>potest</span> <span class='ocrx_word' id='word_1_288' title='bbox 621 3018 773 3081; x_wconf 84' lang='lat' dir='ltr'>accidere.</span> <span class='ocrx_word' id='word_1_289' title='bbox 807 3020 948 3082; x_wconf 85' lang='lat' dir='ltr'>Remotio</span> <span class='ocrx_word' id='word_1_290' title='bbox 964 3021 1098 3083; x_wconf 87' lang='lat' dir='ltr'>criminis</span> <span class='ocrx_word' id='word_1_291' title='bbox 1114 3031 1171 3097; x_wconf 87' lang='lat' dir='ltr'>est,</span> 
     </span>
     <span class='ocr_line' id='line_1_35' title="bbox 133 3101 1172 3182; baseline 0.005 -20"><span class='ocrx_word' id='word_1_292' title='bbox 133 3120 228 3176; x_wconf 90' lang='lat' dir='ltr'>quum</span> <span class='ocrx_word' id='word_1_293' title='bbox 246 3101 280 3162; x_wconf 91' lang='lat' dir='ltr'>id</span> <span class='ocrx_word' id='word_1_294' title='bbox 302 3103 434 3176; x_wconf 85' lang='lat' dir='ltr'>crimen,</span> <span class='ocrx_word' id='word_1_295' title='bbox 460 3104 546 3180; x_wconf 89' lang='lat' dir='ltr'>quod</span> <span class='ocrx_word' id='word_1_296' title='bbox 559 3103 695 3177; x_wconf 82' lang='lat' dir='ltr'>insertur,</span> <span class='ocrx_word' id='word_1_297' title='bbox 712 3105 751 3163; x_wconf 91' lang='lat' dir='ltr'>ab</span> <span class='ocrx_word' id='word_1_298' title='bbox 769 3120 804 3166; x_wconf 89' lang='lat' dir='ltr'>se</span> <span class='ocrx_word' id='word_1_299' title='bbox 819 3113 849 3166; x_wconf 90' lang='lat' dir='ltr'>et</span> <span class='ocrx_word' id='word_1_300' title='bbox 863 3105 901 3166; x_wconf 91' lang='lat' dir='ltr'>ab</span> <span class='ocrx_word' id='word_1_301' title='bbox 918 3122 975 3166; x_wconf 91' lang='lat' dir='ltr'>sua</span> <span class='ocrx_word' id='word_1_302' title='bbox 989 3108 1087 3182; x_wconf 89' lang='lat' dir='ltr'>culpa,</span> <span class='ocrx_word' id='word_1_303' title='bbox 1094 3107 1125 3166; x_wconf 92' lang='lat' dir='ltr'>vi</span> <span class='ocrx_word' id='word_1_304' title='bbox 1141 3115 1172 3167; x_wconf 90' lang='lat' dir='ltr'>et</span> 
     </span>
     <span class='ocr_line' id='line_1_36' title="bbox 130 3185 1171 3266; baseline 0.001 -20"><span class='ocrx_word' id='word_1_305' title='bbox 130 3194 285 3261; x_wconf 88' lang='lat' dir='ltr'>potestate</span> <span class='ocrx_word' id='word_1_306' title='bbox 300 3185 332 3246; x_wconf 92' lang='lat' dir='ltr'>in</span> <span class='ocrx_word' id='word_1_307' title='bbox 346 3186 440 3248; x_wconf 88' lang='lat' dir='ltr'>alium</span> <span class='ocrx_word' id='word_1_308' title='bbox 453 3204 526 3250; x_wconf 92' lang='lat' dir='ltr'>reus</span> <span class='ocrx_word' id='word_1_309' title='bbox 540 3204 701 3249; x_wconf 89' lang='lat' dir='ltr'>removere</span> <span class='ocrx_word' id='word_1_310' title='bbox 716 3197 853 3250; x_wconf 89' lang='lat' dir='ltr'>conatur.</span> <span class='ocrx_word' id='word_1_311' title='bbox 875 3188 910 3249; x_wconf 92' lang='lat' dir='ltr'>ld</span> <span class='ocrx_word' id='word_1_312' title='bbox 925 3190 1088 3266; x_wconf 86' lang='lat' dir='ltr'>dupliciter</span> <span class='ocrx_word' id='word_1_313' title='bbox 1103 3189 1171 3249; x_wconf 88' lang='lat' dir='ltr'>lieri</span> 
     </span>
     <span class='ocr_line' id='line_1_37' title="bbox 130 3268 1170 3345; baseline -0.003 -15"><span class='ocrx_word' id='word_1_314' title='bbox 130 3268 253 3345; x_wconf 87' lang='lat' dir='ltr'>poterit,</span> <span class='ocrx_word' id='word_1_315' title='bbox 268 3270 295 3331; x_wconf 91' lang='lat' dir='ltr'>si</span> <span class='ocrx_word' id='word_1_316' title='bbox 310 3279 363 3333; x_wconf 85' lang='lat' dir='ltr'>aut</span> <span class='ocrx_word' id='word_1_317' title='bbox 378 3288 473 3333; x_wconf 90' lang='lat' dir='ltr'>causa</span> <span class='ocrx_word' id='word_1_318' title='bbox 487 3280 539 3333; x_wconf 89' lang='lat' dir='ltr'>aut</span> <span class='ocrx_word' id='word_1_319' title='bbox 553 3272 666 3333; x_wconf 89' lang='lat' dir='ltr'>lactum</span> <span class='ocrx_word' id='word_1_320' title='bbox 680 3270 712 3332; x_wconf 91' lang='lat' dir='ltr'>in</span> <span class='ocrx_word' id='word_1_321' title='bbox 726 3272 819 3334; x_wconf 82' lang='lat' dir='ltr'>alima</span> <span class='ocrx_word' id='word_1_322' title='bbox 834 3274 1041 3334; x_wconf 78' lang='lat' dir='ltr'>transferetur.</span> <span class='ocrx_word' id='word_1_323' title='bbox 1069 3273 1170 3331; x_wconf 82' lang='lat' dir='ltr'>Causa</span> 
     </span>
     <span class='ocr_line' id='line_1_38' title="bbox 130 3354 1170 3441; baseline -0.002 -29"><span class='ocrx_word' id='word_1_324' title='bbox 130 3354 321 3427; x_wconf 77' lang='lat' dir='ltr'>transfertur,</span> <span class='ocrx_word' id='word_1_325' title='bbox 339 3372 434 3431; x_wconf 89' lang='lat' dir='ltr'>quum</span> <span class='ocrx_word' id='word_1_326' title='bbox 445 3355 898 3432; x_wconf 85' lang='lat' dir='ltr'>alienadiciturvietpotestate</span> <span class='ocrx_word' id='word_1_327' title='bbox 910 3357 1038 3424; x_wconf 72' lang='lat' dir='ltr'>lacuum</span> <span class='ocrx_word' id='word_1_328' title='bbox 1055 3356 1170 3441; x_wconf 78' lang='lat' dir='ltr'>lactum</span> 
     </span>
     <span class='ocr_line' id='line_1_39' title="bbox 132 3431 1169 3517; baseline -0.012 -22"><span class='ocrx_word' id='word_1_329' title='bbox 132 3444 250 3511; x_wconf 82' lang='lat' dir='ltr'>autem,</span> <span class='ocrx_word' id='word_1_330' title='bbox 277 3456 371 3514; x_wconf 90' lang='lat' dir='ltr'>quum</span> <span class='ocrx_word' id='word_1_331' title='bbox 384 3439 463 3502; x_wconf 86' lang='lat' dir='ltr'>alius</span> <span class='ocrx_word' id='word_1_332' title='bbox 478 3449 531 3504; x_wconf 87' lang='lat' dir='ltr'>aut</span> <span class='ocrx_word' id='word_1_333' title='bbox 544 3438 692 3505; x_wconf 88' lang='lat' dir='ltr'>debuisse</span> <span class='ocrx_word' id='word_1_334' title='bbox 707 3447 760 3501; x_wconf 88' lang='lat' dir='ltr'>aut</span> <span class='ocrx_word' id='word_1_335' title='bbox 772 3439 915 3517; x_wconf 90' lang='lat' dir='ltr'>potuisse</span> <span class='ocrx_word' id='word_1_336' title='bbox 929 3439 1033 3499; x_wconf 85' lang='lat' dir='ltr'>lacere</span> <span class='ocrx_word' id='word_1_337' title='bbox 1048 3431 1169 3489; x_wconf 77' lang='lat' dir='ltr'>dicitur.</span> 
     </span>
    </p>
   </div>
   <div class='ocr_carea' id='block_1_5' title="bbox 0 0 1292 3892">
    <p class='ocr_par' dir='ltr' id='par_1_5' title="bbox 0 0 1292 3892">
     <span class='ocr_line' id='line_1_40' title="bbox 0 0 1292 3892; baseline 0 2"><span class='ocrx_word' id='word_1_338' title='bbox 0 0 1292 3892; x_wconf 95' lang='lat' dir='ltr'> </span> 
     </span>
    </p>
   </div>
  </div>
 </body>
</html>
