2575 3892
129 204 163 255 u
272 276 275 281 1
355 194 472 254 mmnt
485 197 508 253 1.
532 195 615 256 car.
629 203 751 258 rs-lr.
773 201 798 262 s.
813 203 935 257 as—sa
1108 194 1171 257 tos

130 358 300 408 extremum
314 363 376 408 non
393 346 450 407 crit
464 355 553 421 turpe
569 348 753 418 concedere,
767 354 800 406 ut
813 346 840 407 si
852 345 915 421 qui,
924 352 1026 421 'quum
1037 344 1170 409 dixerint

130 429 315 491 adversarii=
342 433 405 490 Aut
424 429 554 490 insidias
577 432 680 490 lacere
700 428 826 491 voluisti
851 437 904 490 aut
928 430 1027 491 amico
1052 446 1169 491 morem

129 512 255 588 gessisti
275 520 328 573 aut
350 511 517 587 cupiditate
537 515 635 574 elatus
657 529 709 586 es,
735 512 834 574 arnico
850 528 885 572 se
900 529 1015 572 morem
1030 508 1169 588 gessisse

129 598 269 656 fateatur.
291 595 341 658 86.
359 595 497 672 Simplex
511 606 613 658 autem
627 596 787 656 conclusio
802 594 1045 671 reprehenditur,
1061 597 1088 656 si
1098 599 1169 671 hoc,

130 680 216 754 quod
230 679 384 754 sequitur,
405 696 469 740 non
484 679 624 741 videatur
637 679 816 740 necessario
831 695 903 739 cum
917 694 965 756 eo,
986 681 1072 753 quod
1087 676 1167 740 ante·

110 821 111 830 ,
129 761 234 836 cessit,
249 763 425 824 cohaerere.
443 764 519 823 Nam
533 762 593 824 hoc
609 762 750 837 quideme
766 761 799 822 Si
815 762 955 838 spiritum
970 761 1062 834 ducit,
1080 761 1168 821 vivit:

129 844 163 905 Si
185 846 252 905 dies
274 855 335 923 est,
362 848 458 917 lucet;
483 847 637 907 eiusmodi
652 855 715 919 est,
738 854 774 908 ut
788 862 858 907 cum
872 846 975 920 priore
989 844 1169 905 necessaria

127 929 285 1004 posterius
300 931 468 991 cohaerere
481 930 632 991 videatur.
654 930 722 990 Hoc
737 936 854 990 autem:
870 928 903 990 Si
918 937 1015 990 mater
1029 937 1085 998 est,
1103 927 1169 988 dlli-

128 1012 186 1087 git=
202 1010 236 1072 Si
246 1012 413 1088 aliquando
426 1013 577 1088 peccavit,
590 1013 939 1088 nunquamcorrigetur3
954 1012 999 1073 sic
1007 1010 1171 1072 conveniet

127 1095 329 1170 reprehendi,
352 1105 386 1156 ut
400 1097 626 1158 demonstretur
641 1113 703 1157 non
719 1095 897 1157 necessario
912 1111 982 1156 cum
996 1094 1100 1171 priore
1114 1111 1169 1170 po·

128 1177 240 1239 sterius
263 1180 440 1241 cohaerere.
474 1181 542 1240 Hoc
562 1196 668 1255 genus
682 1189 712 1240 et
732 1188 854 1240 caetera
868 1177 1046 1240 necessaria
1060 1187 1091 1238 et
1105 1191 1169 1238 om-

128 1261 201 1322 nino
217 1260 317 1322 omnis
331 1262 552 1338 argumentatio
568 1272 599 1324 et
613 1262 681 1323 eius
695 1262 897 1338 reprehensio
912 1261 1060 1324 maiorem
1073 1278 1169 1336 quan-

129 1346 199 1404 dam
221 1345 282 1405 vim
303 1347 439 1409 continet
454 1356 485 1408 et
497 1346 587 1418 latius
603 1354 703 1422 petet,
730 1363 823 1423 quam
837 1346 887 1406 hic
902 1346 1083 1421 exponitur;
1112 1345 1170 1405 sed

128 1428 196 1488 eius
216 1428 336 1489 artificii
359 1429 492 1504 cognitio
514 1430 668 1490 eiusmodi
688 1438 751 1502 est,
776 1439 892 1491 utnon
914 1430 955 1488 ad
976 1428 1068 1490 huius
1094 1427 1169 1489 artis

129 1519 245 1585 partem
270 1511 404 1585 aliquam
427 1510 552 1586 adiungi
573 1512 689 1587 possit,
717 1513 774 1572 sed
799 1512 868 1586 ipsa
895 1510 1062 1585 separatim
1085 1510 1169 1584 longi

129 1590 276 1667 temporis
291 1601 322 1652 et
335 1609 464 1667 magnae
475 1600 568 1667 atque
580 1594 695 1653 arduae
707 1592 891 1666 cognitionis
903 1593 1047 1667 indigeat.
1070 1593 1169 1665 Quare

129 1676 180 1737 illa
194 1675 285 1736 nobis
301 1675 361 1736 alio
376 1683 515 1749 tempore
529 1683 623 1750 atque
638 1674 776 1735 adalind
791 1675 960 1737 institutum
969 1723 976 1751 ,
986 1672 1025 1737 'si
1040 1676 1169 1736 facultas

131 1758 202 1833 erit,
229 1757 481 1833 explicabuntur;
507 1775 590 1819 nunc
603 1757 653 1818 his
668 1758 942 1838 praeceptionibus
956 1760 1113 1821 rhetorum
1129 1758 1170 1816 ad

131 1859 219 1902 usum
241 1841 407 1903 oratorium
429 1849 590 1910 contentos
606 1858 665 1903 nos
680 1858 753 1904 esse
768 1842 929 1917 oportebit.
967 1843 1065 1916 Quum
1079 1841 1170 1916 igitur

128 1943 167 1986 ex
181 1925 235 2000 iis,
257 1941 337 2000 quae
353 1934 527 2000 sumuntur,
548 1924 666 2002 ahquid
680 1941 743 1986 non
758 1925 952 2000 conceditur,
975 1926 1021 1987 sic
1035 1926 1167 1987 infirma-

129 2009 216 2070 bitur.
237 2009 355 2069 XLVll.
378 2008 429 2073 87.
445 2010 543 2083 Quum
559 2018 670 2084 autem,
685 2007 735 2069 his
751 2009 923 2086 concessis,
939 2009 1112 2085 complexio
1128 2023 1168 2068 ex

60 2132 67 2145 .
125 2092 175 2154 his
190 2109 252 2153 non
268 2094 439 2167 coniicitur,
454 2094 531 2153 haec
547 2101 636 2155 erunt
650 2092 892 2154 consideranda:
908 2111 981 2155 uurn
995 2093 1079 2154 aliud
1095 2109 1167 2152 con-

125 2175 256 2250 ficiatur,
276 2176 360 2238 uliud
375 2178 502 2250 dicatur,
524 2176 584 2238 hoc
598 2177 708 2238 modo:
735 2175 778 2250 st,
800 2194 894 2252 quum
908 2177 1020 2253 aliquis
1035 2177 1118 2238 dicat
1132 2192 1167 2235 se

125 2259 300 2333 proiectum
321 2276 392 2319 esse
407 2262 448 2318 ad
462 2258 645 2333 exercitum,
672 2267 779 2322 contra
794 2278 863 2322 eum
879 2260 1037 2336 quisuelit
1052 2261 1109 2320 hac
1123 2258 1167 2319 uti

125 2341 407 2417 argumentatione:
429 2342 463 2402 Si
478 2342 620 2404 venisses
635 2344 676 2403 ad
691 2344 867 2418 exercitum,
882 2360 901 2404 a
914 2341 1044 2404 tribunis
1059 2341 1166 2401 milita·

124 2425 212 2487 ribus
227 2426 316 2487 visus
331 2442 437 2498 csses3
459 2443 521 2487 non
537 2443 572 2487 es
587 2435 690 2487 autem
705 2428 744 2488 ab
759 2427 807 2489 his
823 2428 927 2499 visus;
949 2444 1010 2488 non
1026 2444 1061 2488 es
1075 2425 1167 2501 igitur

126 2510 165 2569 ad
177 2510 346 2571 exercitum
355 2511 524 2586 proiectus.
539 2508 597 2571 Hic
610 2527 705 2586 quum
716 2512 911 2574 concesseris
922 2510 1166 2588 propositionem

126 2601 157 2653 et
177 2593 438 2670 adsumptionem,
465 2592 640 2669 complexio
663 2604 712 2657 est
731 2595 924 2656 infirmanda.
959 2595 1052 2655 Aliud
1075 2594 1166 2666 enim,

128 2691 220 2749 quam
234 2677 409 2752 cogebatur,
430 2678 546 2739 illatum
561 2687 618 2740 est.
639 2677 691 2741 88.
707 2680 753 2739 Ac
768 2694 849 2739 nuno
864 2678 997 2752 quidem,
1015 2695 1077 2751 quo
1093 2677 1165 2736 laci-

126 2758 187 2819 lius
206 2775 257 2820 res
272 2769 526 2836 cognosceretur,
553 2761 720 2837 perspicuo
736 2771 767 2822 et
781 2759 890 2835 grandi
906 2759 979 2820 vitio
994 2758 1166 2832 praeditum

126 2841 290 2917 posuimus
310 2847 500 2921 exemplum3
527 2846 583 2905 sed
604 2861 701 2920 saepe
722 2842 884 2906 obscurius
904 2840 1039 2917 positum
1060 2840 1164 2900 vitium

125 2942 184 3001 pro
200 2941 273 2986 vero
288 2928 442 3002 probatur,
459 2946 553 3004 quum
567 2936 621 2990 aut
630 2943 739 3003 parum
750 2924 934 2999 memineris,
950 2923 1025 2999 quid
1036 2939 1165 2984 conces·

126 3010 220 3083 seris‘,
248 3018 301 3072 aut
321 3012 496 3087 ambiguum
517 3010 634 3087 aliquid
649 3028 705 3087 pro
721 3021 804 3073 certo
821 3007 1025 3071 concesseris.
1043 3020 1046 3024 ·
1061 3006 1165 3068 Ambi-

125 3111 219 3170 guum
234 3092 262 3156 si
276 3094 471 3158 concesseris
483 3111 524 3156 ex
535 3103 682 3170 cupane,
699 3112 790 3170 quam
802 3095 870 3170 ipse
883 3091 1080 3163 intellexeris
1097 3108 1165 3153 eam

124 3188 243 3254 partem
264 3178 291 3239 si
312 3179 510 3242 adversarius
530 3179 570 3240 ad
590 3178 682 3240 aliam
703 3187 821 3254 partem
842 3193 898 3252 per
918 3175 1165 3252 complexionem

126 3261 199 3324 velit
210 3265 461 3338 accommodare,
483 3264 696 3324 demonstrare
710 3261 864 3336 oportebit
878 3275 940 3320 non
955 3277 996 3320 ex
1010 3277 1058 3333 eo,
1080 3260 1165 3334 quod

124 3344 195 3420 ipse
216 3346 429 3419 concesseris,
457 3347 515 3408 sed
535 3363 574 3406 ex
595 3362 650 3417 eo,
680 3345 765 3419 quod
779 3343 829 3403 ille
846 3343 1026 3418 sumpserit,
1053 3339 1164 3400 cantici

126 3429 383 3505 complexionem,
404 3429 540 3489 adhunc
555 3430 696 3488 modum:
723 3425 756 3487 Si
772 3425 914 3499 indigetis
930 3424 1089 3500 pecuniae,
1109 3436 1161 3494 pe-
