2575 3892
139 153 182 216 96
475 150 529 207 AD
554 149 584 207 (L
606 145 839 208 Huaennlttln

137 320 246 397 spiritu
261 316 379 388 rabido,
392 313 656 390 circumspectans
672 314 733 374 huc
747 321 779 374 et
790 312 873 385 illuc,
887 312 914 373 si
930 311 1023 386 qu'em
1038 315 1189 389 reperiat,

50 458 57 473 ,
137 404 188 464 cui
203 402 320 475 aliquid
333 401 403 459 mali
419 399 562 460 faucibus
577 399 710 471 adflare,
729 413 821 474 quern
837 414 892 458 ore
906 395 1068 473 attingere,
1085 399 1190 461 denti»

137 485 196 545 bus
211 486 363 557 insecare,
379 483 485 559 lingua
499 499 671 560 aspergere
684 482 796 559 possit.
826 483 867 542 Ut
879 480 910 541 in
925 480 1073 542 invidiam
1087 484 1189 545 addu-

137 577 196 642 cat,
207 569 268 631 hoc
280 570 389 629 modo:
405 570 476 641 lste,
490 569 542 643 qui
558 564 679 629 divitias
694 584 769 627 suas
784 566 914 638 iactans,
929 565 1010 626 sicut
1023 568 1130 628 Gallus
1144 584 1189 630 ex

136 653 270 729 Phrygia
278 660 331 713 aut
342 652 458 714 ariolus
472 652 626 728 quispiam
637 651 810 726 depressus
822 657 854 711 et
866 657 1014 711 oneratus
1029 667 1116 722 auro,
1125 655 1188 712 cla-

137 745 199 797 mat
215 745 246 797 et
260 738 380 797 delirat.
406 736 490 797 Utin
505 735 777 810 contemptionem,
794 733 855 795 sic:
871 734 943 807 Iste,
957 733 1010 809 qui
1025 745 1188 810 tamquam

138 823 267 883 cochlea
277 821 476 881 abscondens
489 827 521 880 et
534 827 694 881 retentans
710 835 783 881 sese
797 817 909 879 tacitus
928 833 999 878 cum
1015 820 1109 880 domo
1124 837 1188 889 sua
1212 846 1215 851 ·

136 911 222 966 totus
239 905 411 965 comeditur
426 911 457 964 et
471 905 621 966 aufertur.
748 974 751 981 ,

223 989 479 1073 63·.ssffi0„ti‚0„08h
494 1002 587 1060 quum
599 984 781 1062 exprimitur
794 991 890 1060 atque
905 983 1063 1060 effingitur
1077 987 1186 1049 verbis

136 1074 279 1147 corporis
296 1062 468 1149 cuiuspiam
482 1074 597 1142 torma,
616 1070 722 1145 quoad
738 1068 814 1131 satis
831 1069 872 1129 sit
885 1068 926 1129 ad
941 1068 1187 1147 intelligendum,

132 1146 197 1216 hoe
213 1156 323 1215 modo:
346 1158 443 1227 Hunc,
461 1154 589 1227 iudices,
605 1156 687 1225 dico,
701 1154 837 1224 rubrum,
854 1152 993 1226 brevem,
1008 1153 1186 1229 incurvum,

137 1255 263 1310 canum,
280 1240 492 1313 subcrispum,
509 1239 663 1310 caesium,
680 1236 730 1298 cul
747 1252 952 1313 sonemegna
968 1239 1061 1299 estin
1077 1249 1186 1302 mento

137 1323 265 1383 cicatrix
271 1341 279 1393 ;
295 1322 322 1380 si
338 1339 399 1398 quo
413 1324 507 1383 modo
522 1331 627 1396 potest
641 1321 731 1381 vobis
747 1321 777 1381 in
794 1321 975 1383 memoriam
988 1321 1098 1382 redire.
1120 1326 1186 1384 Ha-

136 1407 189 1466 bet
204 1407 282 1466 haec
298 1407 458 1466 exornatio
482 1423 578 1481 quum
593 1404 769 1478 utilitatem,
791 1404 818 1465 si
839 1422 931 1479 quem
952 1404 1032 1466 velis
1054 1404 1187 1470 demon·-

136 1496 251 1562 strare,
277 1497 343 1550 tum
363 1498 576 1563 venustatem,
602 1491 628 1550 si
650 1489 787 1551 breviter
809 1496 840 1549 et
860 1489 994 1549 dilucide
1017 1491 1102 1550 lacta
1124 1501 1184 1554 est.

136 1575 169 1634 L.
184 1574 306 1651 Notatio
324 1582 490 1655 estonum
501 1574 632 1636 alicuius
648 1582 758 1635 natura
773 1573 865 1637 certis
879 1572 1065 1635 describitur
1076 1576 1183 1652 signis,

136 1646 346 1731 quadei'ethi
363 1667 457 1720 uotae
473 1661 641 1735 quaedam,
664 1665 795 1718 naturae
815 1665 888 1718 sunt
902 1656 1059 1718 attributa.
1103 1662 1143 1721 Ut
1157 1663 1183 1722 si

136 1745 215 1803 velis
238 1761 301 1804 non
318 1743 459 1817 divitem,
481 1746 538 1804 sed
560 1751 783 1805 ostentatorem
804 1741 968 1817 pecuniosi
987 1742 1182 1822 describere:

136 1827 207 1898 lste,
224 1828 356 1900 inquies,
372 1828 501 1899 iudices,
520 1827 624 1901 quise
640 1826 701 1887 dici
713 1826 840 1886 divitem
854 1832 943 1902 putat
957 1841 1031 1887 esse
1046 1832 1183 1903 praecla-

135 1927 213 1981 rum,
231 1911 364 1985 primum
379 1927 462 1970 nunc
476 1910 595 1982 videte,
612 1927 675 1985 quo
693 1911 781 1970 vultu
797 1925 855 1969 nos
871 1910 1038 1970 intueatur.
1074 1912 1184 1973 Nonne

136 1992 227 2051 vobis
243 1994 366 2054 videtur
380 1993 501 2054 dicere:
528 1996 655 2064 Darem,
679 1993 707 2054 si
727 1993 800 2053 mihi
819 1994 942 2054 molesti
962 2011 1025 2055 non
1049 1995 1184 2056 essetis?

136 2077 235 2150 Quum
249 2093 325 2136 vero
338 2076 464 2137 sinistra
475 2085 613 2138 mentum
628 2076 812 2150 sublevavit,
827 2078 983 2140 existimat
995 2095 1031 2138 se
1041 2096 1184 2154 gemmae

135 2160 236 2219 nitore
261 2169 291 2221 et
316 2160 384 2223 auri
407 2163 578 2238 splendore
602 2171 749 2237 aspectus
778 2163 914 2224 omnium
939 2164 1183 2239 praestringere.

136 2246 235 2319 Quum
249 2261 380 2321 puerum
396 2245 525 2322 respicit
538 2247 620 2308 hunc
635 2264 746 2321 unum,
770 2262 862 2321 quem
886 2260 945 2323 ego
966 2246 1042 2306 novi
1063 2281 1099 2291 --
1123 2262 1183 2309 vos

135 2346 198 2390 non
213 2330 347 2392 arbitror
360 2366 406 2403 -‚
422 2330 484 2391 alio
501 2332 624 2391 nomine
639 2333 784 2406 appellat,
798 2329 912 2391 deinde
929 2329 990 2391 alio
1002 2339 1098 2411 atqup
1109 2331 1182 2391 alio.

135 2417 177 2472 At
189 2414 266 2472 heus
279 2423 320 2485 tu,
332 2414 438 2488 inquit,
453 2415 533 2486 veni,
551 2415 677 2485 Sannio,
694 2430 733 2473 ne
750 2413 824 2488 quid
839 2414 890 2474 isti
906 2415 1029 2475 barbari
1037 2416 1183 2488 turbent3

135 2504 170 2555 ut
184 2496 290 2570 ignoti,
307 2496 513 2571 odiendium,
529 2515 624 2559 unum
640 2506 749 2572 putent
763 2497 853 2573 seligi
869 2497 909 2558 de
925 2499 1042 2561 multis:
1063 2498 1092 2556 ei
1106 2497 1186 2559 dicit

134 2579 165 2638 in
179 2596 295 2652 aurem,
310 2587 365 2640 aut
379 2587 413 2640 ut
427 2581 511 2641 dorni
525 2582 629 2643 lectuli
645 2589 824 2644 sternantur
837 2588 889 2643 aut
904 2582 944 2642 ab
961 2584 1114 2643 avunculo
1131 2598 1184 2642 ro·

133 2671 224 2739 getur
238 2664 406 2740 Aethiops,
431 2665 484 2740 qui
499 2667 539 2726 ad
558 2666 685 2728 balneas
702 2667 822 2740 veniat,
843 2675 897 2727 aut
917 2666 1077 2728 asturconi
1091 2669 1183 2749 locus

134 2756 207 2809 ante
222 2751 336 2811 ostium
347 2766 438 2810 suum
454 2751 553 2823 detur,
569 2759 623 2811 aut
632 2752 761 2828 aliquod
770 2751 880 2827 fragile
890 2753 990 2823 lalsae
1001 2751 1185 2826 choragium

135 2834 254 2907 gloriae
266 2843 473 2910 comparetur.
496 2835 614 2895 Deinde
627 2837 787 2908 exclamat,
800 2843 835 2895 ut
846 2852 956 2896 omnes
971 2835 1114 2896 audient:
1131 2835 1184 2895 Vi-

134 2918 219 2990 deto,
235 2927 270 2979 ut
284 2921 449 2995 diligenter
463 2926 652 2992 numeretur,
668 2921 695 2980 si
710 2927 824 2996 potest,
841 2928 914 2981 ante
929 2927 1063 2981 nectem.
1092 2919 1185 2991 Puer,

136 2999 190 3070 qui
205 3003 265 3061 iam
279 3005 361 3063 bene
378 3005 511 3065 hominis
526 3011 668 3075 naturam
682 3005 787 3065 novit:
814 3006 860 3064 Tu
881 3005 934 3066 illo
956 3007 1062 3081 plures
1078 3003 1184 3066 mittas
1279 3048 1280 3053 .

134 3089 269 3154 oportet,
286 3086 393 3160 inquit,
410 3087 437 3147 si
451 3088 544 3148 hodie
559 3087 606 3147 ris
619 3089 872 3150 transnumerari.
898 3093 977 3164 Age,
994 3087 1105 3164 inquit,
1122 3090 1185 3148 duc

135 3174 237 3221 tecum
253 3167 403 3228 Libanum
418 3178 450 3229 et
466 3171 598 3232 Sosiam.
629 3173 723 3233 Sane.
753 3171 873 3233 Deinde
889 3188 965 3235 casu
980 3174 1111 3234 veniunt
1129 3173 1185 3232 ho-

135 3244 235 3313 spites
251 3247 375 3318 homini,
402 3269 482 3324 quos
496 3254 570 3326 iste,
589 3255 662 3314 dum
682 3254 846 3330 splendide
860 3257 1087 3332 peregrinatur,
1106 3256 1185 3315 invi-

135 3330 225 3414 tarat.
241 3326 287 3382 Ex
305 3344 342 3386 ea
357 3347 391 3388 re
404 3333 497 3392 homo
513 3337 640 3396 hercule
657 3353 734 3397 sane
746 3339 958 3411 conturbatur,
975 3341 1033 3401 sed
1047 3348 1152 3401 tamen
1165 3356 1186 3399 a
1201 3339 1202 3342 ’

137 3408 212 3460 vitro
227 3413 356 3466 naturae
366 3427 428 3469 non
438 3418 565 3476 recedit.
591 3421 685 3492 Bene,
702 3420 809 3495 inquit,
822 3421 933 3506 facitis,
949 3438 1045 3499 quum
1056 3423 1185 3495 venitis,
