2575 3892
112 186 155 248 92
275 196 278 205 ¹
454 187 509 245 xo
531 186 562 244 e.
584 184 815 263 uenenorum

114 336 212 411 luerit,
227 351 358 395 necesse
371 337 427 397 erit
439 353 510 398 oum
520 354 555 397 re
566 341 691 412 publiea
703 347 820 414 pereat.
837 336 875 396 Et
890 336 1037 411 quoniam
1052 340 1166 402 omnia

114 430 185 481 sunt
207 419 368 478 commoda
388 435 407 477 a
427 418 526 492 patria
545 427 689 493 accepta,
715 421 832 479 nullum
852 420 1081 483 incommodum
1096 440 1159 499 pro

114 502 214 578 patria
235 516 329 576 grave
350 502 519 575 putandum
534 511 591 561 est.
625 502 708 577 Ergo
723 502 776 578 qui
791 503 912 579 lugiunt
926 503 957 563 id
972 504 1159 583 periculum,

114 586 199 661 quod
213 600 319 659 prore
334 584 458 658 publica
473 585 669 645 subeundum
683 594 740 660 est,
755 588 848 647 stulte
863 586 987 647 iaciunt.
1007 588 1083 648 Nam
1099 607 1157 650 ne—

113 685 173 744 que
195 667 332 741 ellugere
352 666 547 729 incommoda
567 678 701 743 possunt
721 677 752 730 et
765 668 876 745 ingrati
890 669 921 729 in
936 671 1091 732 civitatem
1104 689 1155 733 re·
1265 682 1266 687 ’

112 750 279 826 perluatur.
315 751 370 824 At,
397 750 449 825 qui
469 751 586 826 patriae
606 752 745 827 pericula
766 770 823 815 suo
838 753 978 828 periculo
993 766 1155 831 expetunt,

111 834 142 893 lui
158 833 314 909 sapientes
328 835 457 908 putandi
472 843 552 909 sunt,
569 852 663 910 quum
675 843 796 910 etcum,
812 853 903 911 quem
916 837 1039 912 debent,
1053 839 1153 903 hono—

109 934 177 978 rem
190 917 235 977 rei
250 917 392 993 publicae
407 920 540 978 reddunt
553 927 584 979 et
598 933 655 994 pro
670 917 773 979 multis
788 920 889 995 perire
904 922 1036 995 malunt,
1059 939 1154 998 quam

112 1018 182 1063 cum
196 1000 308 1061 multis.
338 1001 459 1061 Etenim
472 1001 671 1063 vehementer
686 1009 734 1064 est
748 1001 887 1079 iniquum
902 1004 1010 1079 vitam,
1026 1023 1118 1081 quam
1132 1024 1154 1067 a

110 1094 218 1144 tratura
230 1093 389 1158 acceptam
400 1094 527 1161 propter
539 1085 670 1161 patriam
682 1087 888 1161 conservaris,
903 1095 1039 1161 naturae,
1056 1106 1152 1165 quum

111 1176 210 1242 cogat,
225 1167 364 1240 reddere,
380 1168 507 1243 patriae,
522 1185 616 1244 quum
627 1176 724 1244 roget,
738 1186 801 1231 non
813 1170 903 1240 darm
918 1179 958 1246 et,
970 1189 1065 1245 quum
1076 1188 1152 1247 pos-

111 1250 155 1309 sis
178 1266 247 1310 oum
269 1266 386 1309 sunrma
407 1251 517 1311 virtute
532 1261 562 1311 et
576 1252 694 1312 honore
709 1269 766 1327 pro
781 1253 881 1328 patria
895 1253 1034 1328 interire,
1058 1257 1153 1317 malle

111 1348 169 1408 per
190 1332 329 1394 dedecus
350 1342 382 1395 et
400 1350 457 1410 per
472 1334 626 1411 ignaviam
647 1333 768 1405 vivere3
795 1348 853 1407 pro
870 1330 1022 1393 amiciret
1042 1348 1158 1406 paren-

111 1416 194 1476 tibus
216 1424 248 1476 et
269 1418 400 1478 caeteris
422 1417 611 1478 necessariis
623 1416 710 1477 adire
725 1416 912 1490 periculum,
934 1431 990 1490 pro
1006 1430 1041 1474 re
1055 1417 1159 1490 publi-

113 1515 159 1572 ea,
173 1500 204 1559 in
222 1516 284 1575 qua
299 1502 421 1563 ethaeo
438 1510 468 1562 et
485 1503 560 1562 illud
575 1500 804 1562 sanctissimum
819 1516 931 1560 nomen
946 1499 1065 1574 patriae
1081 1515 1156 1560 con-

112 1583 241 1655 tinetur,
263 1586 348 1645 nolle
369 1585 398 1645 in
422 1586 587 1647 discrimen
607 1584 724 1647 venire.
765 1585 875 1659 ltaque
891 1584 936 1644 uti
957 1591 1156 1644 contemnen-

113 1669 171 1728 dus
189 1674 252 1739 est,
273 1669 326 1742 qui
345 1668 376 1729 in
395 1669 520 1745 navigio
537 1686 599 1729 non
615 1685 728 1729 navem
744 1685 837 1743 quam
857 1685 893 1728 se
908 1669 1024 1727 mavult
1037 1667 1156 1728 incolu-

114 1768 208 1824 mem,
235 1752 308 1812 item
334 1754 574 1828 vituperandus,
603 1753 656 1828 qui
684 1752 716 1812 in
742 1752 954 1826 reipublicae
978 1749 1156 1812 discrimine

114 1853 190 1897 suae
205 1839 276 1910 plus
293 1854 384 1910 quam
402 1839 557 1898 communi
577 1837 670 1897 saluti
684 1836 826 1897 consulit.
862 1834 940 1895 Navi
958 1833 1038 1894 enim
1057 1836 1156 1894 fracta

114 1921 200 1979 multi
213 1921 385 1980 incolumes
401 1924 542 1993 luerunt;
570 1937 610 1980 ex
629 1920 792 1996 naufragio
805 1922 924 1995 patriae
940 1920 1048 1979 salvus
1063 1934 1174 1991 nemo,

114 2013 219 2080 potest
233 2014 367 2065 enatare.
403 2003 491 2075 Quod
505 2001 578 2062 mihi
593 2004 672 2061 bene
687 2001 808 2063 videtur
821 1999 936 2062 Decius
951 2000 1154 2074 intellexisse,

118 2088 170 2163 qui
192 2103 227 2146 se
249 2086 417 2146 devovisse
439 2085 548 2146 dicitur
569 2102 625 2160 pro
647 2084 821 2161 legionibus
836 2093 867 2147 et
881 2099 916 2145 se
930 2083 962 2144 in
977 2085 1084 2145 hostes
1098 2083 1155 2145 im-
1265 2082 1266 2125 ³

113 2170 239 2231 misisse
254 2168 389 2241 medios;
405 2170 488 2229 unde
502 2169 603 2230 amisit
617 2169 719 2245 vitam,
735 2177 766 2230 at
778 2185 839 2230 non
850 2167 995 2244 perdidit
1015 2166 1061 2229 lte
1073 2168 1155 2231 enim
1265 2170 1266 2177 ’

114 2253 168 2313 vili
190 2252 381 2313 carissimam
400 2262 432 2313 et
451 2269 549 2328 parva
569 2253 733 2314 maximam
755 2251 893 2313 redemit.
936 2253 1040 2314 Vitam
1060 2252 1155 2328 dedit,
1265 2256 1266 2267 ¹

115 2334 394 2412 aceepitpatriann
409 2337 511 2399 amisit
524 2336 665 2411 animam,
679 2336 795 2412 potitus
810 2345 858 2396 est
869 2335 976 2412 gloria,
993 2352 1156 2415 quaecum

116 2436 235 2481 summa
246 2421 336 2480 laude
349 2419 471 2493 prodita
480 2429 632 2481 vetustate
644 2419 758 2480 cotidie
769 2419 866 2494 magis
878 2419 1028 2481 enitescit
1050 2419 1155 2495 Quod·
1265 2446 1266 2471 1

115 2504 142 2563 si
163 2519 220 2577 pro
241 2519 275 2562 re
294 2502 420 2577 publica
440 2505 552 2564 decere
572 2504 722 2564 accedere
732 2503 795 2579 [ad]
805 2502 976 2577 periculum
992 2513 1021 2566 et
1033 2501 1154 2562 ratione
1265 2530 1266 2557 t

114 2588 357 2646 demonstratum
369 2596 417 2648 est
428 2595 458 2648 et
469 2589 611 2662 exemplo
623 2586 865 2662 comprobatum,
880 2586 902 2646 ii
914 2588 1070 2664 sapientes
1081 2594 1157 2646 sunt
1265 2586 1266 2671 j

115 2666 321 2743 existimandi,
345 2670 398 2746 qui
414 2673 529 2731 nullom
543 2687 600 2746 pro
615 2671 716 2731 salute
730 2669 848 2746 patriae
862 2669 1034 2746 perieulum
1046 2669 1153 2731 vitant.

114 2754 165 2818 58.
187 2755 222 2814 ln
242 2754 290 2815 his
312 2754 404 2830 igitur
423 2755 589 2830 generibus
604 2753 751 2829 expolitio
768 2761 924 2828 versatur,
949 2755 990 2816 de
1007 2772 1069 2830 qua
1082 2758 1153 2828 pro-
1265 2808 1266 2821 ,

115 2838 198 2901 ducti
219 2857 343 2909 sumus,
366 2846 402 2899 ut
421 2839 511 2914 plura
531 2838 721 2912 diceremus,
748 2838 833 2914 quod
848 2855 910 2899 non
923 2840 1034 2912 modo,
1061 2852 1155 2912 quum
1265 2886 1266 2917 ,

115 2942 240 2984 causam
261 2923 409 2996 dicimus,
436 2921 562 2984 adiuvat
582 2931 613 2983 et
633 2930 763 2983 exornat
777 2921 962 2996 orationem,
987 2921 1046 2981 sed
1058 2921 1155 2981 multo
1265 2922 1266 3007 ζ

114 3007 245 3064 maxime
260 3024 317 3081 per
329 3022 396 3066 eam
408 3021 588 3067 exercemur
599 3006 639 3066 ad
650 3006 834 3067 elocutionis
846 3007 1029 3083 facultatem.
1053 3001 1155 3079 Quare
1265 3056 1266 3073 ,

116 3087 280 3147 conveniet
301 3099 388 3149 extra
409 3105 536 3150 eausam
549 3090 581 3149 in
595 3090 771 3150 exercendo
786 3087 924 3150 rationes
938 3086 1086 3148 adlabere
1101 3100 1155 3146 ex-

114 3166 288 3258 politioris,
312 3171 344 3230 in
366 3172 500 3234 dicendo
519 3171 579 3246 uli,
606 3190 700 3248 quum
722 3171 939 3234 exornabirnus
961 3178 1154 3249 argumenta·

114 3255 238 3318 tionem,
254 3251 293 3308 de
308 3269 370 3324 qua
382 3270 417 3312 re
433 3255 567 3317 dixirim
582 3254 614 3315 in
628 3254 707 3315 libro
723 3256 872 3316 secundo.
904 3290 907 3293 Δ

194 3327 292 3401 XLV,
305 3332 593 3415 commoratioest,
618 3354 715 3412 qaum
734 3337 765 3397 in
786 3337 1065 3412 tercentesimo,
1092 3351 1155 3412 qu⁰

116 3413 181 3463 tota
195 3420 291 3464 eausa
306 3413 493 3488 continetur,
508 3426 647 3480 manetur
662 3419 777 3479 diutius
793 3430 825 3479 et
838 3420 950 3481 eodem
965 3422 1092 3498 saepius
1106 3435 1156 3480 re·
