2575 3892
133 164 177 227 50
477 165 532 222 AD
556 164 587 221 C.
609 164 840 223 HERENNIUM

132 312 329 380 acrimoniam
350 328 437 381 esse,
464 311 494 369 in
491 320 585 391 gtes
584 330 606 372 u
626 328 684 373 nec
703 323 897 375 venustatem
917 313 1179 411 conspiciendam

132 414 190 457 nec
212 386 447 470 turpitudinem
449 388 537 468 esse,
563 413 603 455 ne
623 405 676 456 aut
688 395 855 458 histriones
870 406 923 460 aut
937 399 1070 473 operarii
1086 400 1175 463 vide

131 496 219 540 amur
232 494 314 538 esse.
350 478 400 536 Ad
415 477 820 554 casdcmigiturpartes,'1n
836 497 915 556 quas
929 498 990 542 vox
1006 490 1054 543 est
1042 482 1177 546 tdistri-

131 564 220 635 buta,
246 569 348 620 motus
372 577 498 635 quoque
519 562 660 637 corporis
680 563 758 623 ratio
774 563 895 624 videtur
909 580 982 625 esse
996 581 1175 630 accommo-

88 701 101 723 ,
133 645 244 706 danda.
271 643 348 702 Nam
363 642 390 703 si
405 644 461 703 erit
475 659 577 705 sermo
593 661 663 704 cum
676 645 832 719 dignitate,
848 656 965 709 stantes
981 648 1012 707 in
1035 653 1174 727 vestigIo

67 744 86 785 ,ι
130 727 192 789 levi
207 729 351 787 dexterae
362 728 544 801 motuloqui
556 728 718 803 oportebit
733 729 892 803 hilaritate,
908 730 1038 804 tristitia,
1053 735 1173 795 medio-

132 811 238 874 critate
254 811 355 873 vultus
370 809 410 869 ad
425 810 577 872 sermonis
593 811 762 873 sententias
777 815 1025 886 accommodata;
1047 815 1096 875 sin
1113 817 1173 879 erit

130 896 162 955 in
179 891 439 956 demonstratione
454 909 565 967 sermo,
582 895 750 970 paullulum
764 912 879 971 eorpus
894 914 913 957 a
928 898 1100 960 cervicibus
1116 901 1172 960 de-

130 979 300 1048 mittemus;
326 992 396 1035 nam
415 987 464 1041 cst
478 980 539 1042 hoc
564 994 584 1038 a
604 987 713 1040 natura
727 980 845 1054 datum,
873 989 906 1041 ut
921 997 1013 1057 quam
1028 983 1172 1056 proxime

130 1072 195 1121 tum
209 1061 324 1121 vultum
338 1061 557 1122 admoveamus
572 1063 614 1121 ad
627 1061 801 1136 auditores,
823 1062 851 1124 si
867 1080 961 1141 quarn
973 1081 1040 1125 rem
1055 1066 1171 1126 docere

132 1160 188 1205 eos
209 1152 239 1203 et
258 1142 423 1204 vehement
411 1152 458 1206 ter
476 1143 622 1219 instigare
635 1145 784 1218 velimus;
813 1147 861 1208 sin
876 1146 933 1208 erit
946 1145 978 1207 in
993 1149 1169 1211 narratione

133 1241 249 1297 sermo,
276 1225 358 1284 idern
380 1234 481 1287 motus
502 1244 543 1302 po
545 1226 614 1288 terit
634 1228 767 1291 idoneus
788 1246 876 1305 esse,
904 1231 957 1306 qui
977 1233 1081 1306 paullo
1096 1242 1172 1292 ante

131 1311 272 1369 demonst
273 1308 413 1367 rabatur
406 1326 436 1367 m
449 1309 611 1385 dignitae
627 1310 716 1373 sinin
729 1313 892 1408 locatione,
907 1317 973 1375 vult
961 1324 992 1374 tu
1005 1316 1170 1391 quamdam

131 1391 311 1451 debebimus
326 1390 507 1453 hilaritatem
521 1393 698 1469 significare
724 1395 792 1457 sine
804 1398 1039 1459 commutatione
1049 1407 1172 1472 gestus

51 1554 57 1563 .
129 1473 180 1537 27.
197 1474 231 1534 Si
246 1483 317 1535 cont
306 1475 466 1536 tondemus
477 1493 537 1557 per
552 1478 827 1555 continuationem,
842 1481 968 1543 brachio
986 1480 1076 1542 celeri
1101 1498 1167 1541 mo

44 1562 49 1569 '
129 1557 183 1619 btll
196 1559 292 1631 vultu,
313 1573 379 1619 acri
392 1566 532 1634 aspectu
536 1564 670 1635 utemur;
692 1562 740 1625 sin
756 1582 815 1626 con
817 1565 911 1626 tentio
926 1565 979 1626 liet
993 1583 1050 1640 per
1086 1564 1126 1625 ist
1127 1563 1167 1623 ri

128 1644 194 1705 but
172 1651 298 1720 tronem,
321 1649 521 1723 porrectione
542 1649 637 1711 celeri
658 1647 784 1721 brachii,
807 1644 1062 1714 inambulabam,
1078 1642 1170 1718 pedis

131 1727 231 1790 dextri
242 1747 313 1793 rara
326 1734 559 1809 supplansione‚
572 1732 636 1797 acri
649 1740 679 1793 et
690 1733 794 1794 defixo
806 1736 934 1806 aspectu
947 1734 981 1788 ut
982 1726 991 1786 i
1003 1734 1095 1802 oport
1084 1727 1170 1786 tebit.

130 1814 211 1875 Sit
178 1833 198 1874 u
200 1824 297 1875 ternur
311 1813 485 1887 amplificat
477 1830 548 1874 rone
562 1829 619 1886 per
633 1811 782 1873 cohortat’
761 1820 890 1882 t‚tonem
913 1809 1017 1883 paullo
1031 1807 1169 1870 tardiore

130 1907 159 1955 et
180 1896 422 1957 consideratiore
441 1904 532 1968 gestu
547 1893 711 1954 conveniet
725 1892 783 1963 uti,
806 1890 957 1951 similibus
972 1890 1103 1950 caeteris
1118 1906 1167 1950 re·

130 1979 302 2052 busatatquc
323 1977 356 2035 in
374 1974 573 2037 contentione
597 1991 654 2048 per
675 1972 948 2041 oondnuationcm3
976 1969 1023 2030 sin
1045 1981 1169 2034 utemur

24 2080 26 2083 ·
130 2057 303 2133 amplificat
296 2074 368 2119 rone
380 2073 438 2131 per
454 2057 717 2131 conquestionem,
728 2051 855 2115 seminis
871 2056 1019 2129 plangore
1035 2062 1065 2112 e
1081 2056 1167 2130 capi

128 2143 169 2202 tis
184 2142 261 2213 ictu,
289 2156 519 2215 nonnumquam
533 2141 642 2202 sedato
658 2146 689 2199 et
702 2139 854 2200 constanti
869 2145 974 2214 gestu,
1000 2146 1119 2198 maesto
1137 2149 1168 2199 et

130 2232 202 2284 cont
190 2225 309 2284 turbato
330 2224 416 2284 vultu
429 2224 473 2285 uti
488 2221 650 2320 oportebit
684 2223 751 2283 Non
768 2240 836 2284 sum
849 2220 991 2295 nescius,
1010 2230 1166 2296 quantum

131 2307 322 2405 susceperim
335 2313 429 2382 negot
430 2306 459 2389 ii,
490 2307 543 2383 qui
557 2324 607 2368 mo
609 2316 659 2369 tus
674 2306 814 2382 corporis
829 2300 1001 2382 exprimere
1016 2304 1167 2364 verbist
1136 2315 1167 2364 et

129 2391 239 2452 imitari
253 2391 405 2464 scripturo
420 2399 511 2451 conat
511 2409 549 2452 us
565 2391 623 2452 sim
635 2406 740 2451 voces
760 2393 876 2451 Verum
886 2405 944 2450 nec
955 2389 1015 2449 hoc
1027 2389 1167 2449 confisus

130 2491 199 2533 sum
213 2489 310 2548 posse
324 2472 450 2545 fieriut
438 2474 499 2534 tdc
509 2473 558 2534 his
569 2475 664 2534 rebus
674 2472 749 2535 satis
762 2473 923 2535 commode
936 2471 1029 2533 scribi
1040 2480 1150 2546 posset
1157 2497 1168 2541 3

129 2572 196 2629 nec,
221 2554 248 2616 si
261 2555 294 2614 id
308 2555 375 2614 fieri
389 2572 452 2616 non
466 2563 584 2631 posset,
605 2556 675 2628 hoc,
693 2558 778 2632 quod
791 2556 859 2632 leci,
876 2556 943 2618 lore
958 2553 1063 2617 inutile
1079 2562 1165 2630 puta-

128 2639 208 2713 bam,
230 2647 395 2714 propterea
409 2640 492 2713 quod
507 2637 557 2698 hic
572 2640 739 2702 admonere
753 2640 921 2715 voluimuS,
949 2641 1023 2714 quid
1042 2645 1167 2712 oporte-

127 2733 189 2786 ret:
204 2721 323 2799 reliqua
337 2722 492 2783 trademus
505 2721 728 2784 exercitationi.
734 2728 802 2787 Hoc
813 2722 1023 2798 [tameancire
1034 2729 1168 2796 oportet,

129 2804 406 2884 pronuntiationem
432 2807 545 2867 bonam
566 2804 598 2866 id
619 2807 786 2882 perticere,
813 2817 846 2868 ut
866 2825 918 2869 res
940 2823 979 2867 ex
998 2803 1100 2867 animo
1115 2803 1169 2878 agi

127 2893 274 2954 videatur

209 2977 289 3035 XVl.
311 2974 362 3036 28.
381 2974 469 3034 Nune
484 2974 550 3033 adt
538 2974 717 3039 thesaurum
732 2973 924 3072 inventorum
890 2979 1030 3054 atque
1045 2969 1085 3028 ad
1101 2985 1169 3029 om·

130 3053 214 3115 nium
227 3064 297 3129 part
297 3054 359 3117 ium
373 3052 546 3118 rhetoricae
561 3058 739 3154 custodem,
753 3046 945 3128 memoriam,
961 3062 1174 3129 transeamus.

127 3226 197 3278 utra
217 3147 442 3294 profiotiscatur,
468 3223 551 3283 aliud
575 3221 699 3284 dicendi
722 3229 845 3298 tempus
867 3187 1018 3283 idoneum
1031 3216 1170 3282 dabitur.

128 3300 215 3360 Nunc
235 3302 368 3374 proinde
388 3313 483 3378 atque
504 3314 628 3367 constet
647 3306 678 3366 in
697 3307 756 3365 hac
780 3323 815 3365 re
838 3308 966 3365 multum
987 3307 1094 3364 valere
1115 3320 1154 3363 ar

129 3388 191 3440 tem
208 3388 239 3440 et
252 3385 521 3457 praeceptionem,
541 3389 583 3449 ita
598 3390 638 3449 de
652 3404 689 3450 ea
702 3391 737 3448 r'e
757 3389 929 3463 loquemur.
963 3387 1068 3449 Placet
1082 3386 1169 3446 enim
