2575 3892
469 232 663 284 PROOEMIUM
680 233 842 284 EDITORIS.
1150 255 1171 297 v

122 400 155 436 ex
173 385 278 446 entIquo
297 385 366 436 fonte
385 396 511 436 manasse.
531 401 553 435 o.
572 385 614 435 12.
633 387 658 446 S.
671 382 715 436 21.
732 386 851 433 revocavi
866 385 987 437 librorum
1004 396 1101 439 tontum
1119 404 1171 439 non

122 454 236 502 omnium
259 455 426 518 scripturam:
451 456 494 518 qni
507 469 556 515 per
573 454 601 501 id
617 455 735 514 temporis
752 461 871 515 quaestor
888 455 999 507 urbanus
1015 466 1081 510 dat.
1105 457 1170 508 Num

117 536 179 584 per,
204 522 273 585 quod
291 537 324 572 cx
339 534 390 571 uno
409 521 519 572 alterove
537 521 601 571 libro
620 521 727 579 excidit,
754 520 827 569 focile
844 536 891 584 per
907 526 1086 589 compendium
1106 528 1169 576 scri-

120 599 194 654 ptum
210 611 229 659 p
247 590 386 640 oblitterari
397 593 489 655 potuit.
508 590 605 641 Eodem
622 591 678 638 Iure
696 595 781 638 autern
794 603 846 649 per
861 590 890 638 id
905 595 1021 655 torporis
1034 594 1083 643 dici
1095 603 1169 660 pote·

120 666 170 721 ret,
190 674 239 720 quo
259 658 309 709 Cic.
323 656 376 722 pro
388 657 492 719 Unelli,
504 656 545 711 18.
565 660 629 709 dixit
639 658 715 708 adid
731 659 780 705 ioci
796 663 821 703 et
837 657 917 707 multa
935 662 1068 714 eiusmodi.
1086 679 1108 715 c.
1124 661 1167 716 13.

121 730 147 788 S.
167 724 209 779 23.
234 727 340 792 scripsit
372 728 445 778 Lero:
471 727 508 776 SI
528 725 705 778 winusus
728 723 837 776 ESOJT
856 725 935 779 Ero,
958 743 1004 792 pro
1028 747 1074 793 co,
1098 733 1169 793 quod

10 798 29 819 ‘⁴
121 795 200 860 volgo
219 796 353 846 edebatur:
373 797 433 846 Lex
449 803 503 846 est:
520 795 561 845 SI
572 795 652 848 ETO.
671 795 737 844 Nam
753 802 792 844 est
810 801 835 843 et
850 793 899 844 hoc
918 795 974 846 ioco
991 798 1017 846 in
1033 797 1103 847 libris
1122 800 1155 849 de

122 870 160 912 est
179 873 203 912 et
221 865 315 924 altero,
332 867 375 927 qui
395 872 433 914 est
451 866 483 914 de
500 868 590 916 iucem.
609 862 706 924 11‚50‚
724 861 785 915 148.
820 864 913 913 Paullo
927 874 986 929 post
1004 867 1107 930 scripsit
1132 868 1169 917 Ei

121 933 239 982 domnolo
250 959 278 968 -
295 935 380 983 soleae
397 936 493 998 lipneoe
510 935 537 983 in
542 934 652 996 pedidus
664 934 779 982 inductae
791 940 850 981 sunt
861 936 924 983 etin
936 950 1065 984 carcerem
1080 935 1168 985 duetus

120 1008 167 1061 est,
184 1016 230 1065 pro
249 1017 288 1062 eo,
308 1002 378 1064 quod
395 1002 471 1067 volgo
491 1010 578 1052 contro
595 1003 674 1052 libros
689 1003 874 1050 substituerunt
888 1005 1085 1068 soleretipneoe
1092 1005 1167 1066 pedi-

119 1070 166 1119 bus
184 1071 286 1120 indutae
302 1078 367 1121 sunt.
395 1071 493 1121 Eodem
510 1071 587 1121 inodo
606 1071 638 1120 de
655 1073 745 1120 invent.
762 1070 807 1119 lib.
826 1071 858 1122 II.
873 1086 898 1141 p.
909 1071 953 1123 50.
970 1074 993 1132 δ.
1010 1070 1071 1126 149.
1090 1073 1167 1123 eden-

120 1138 182 1187 dum
200 1147 238 1187 est
256 1155 289 1189 cx
309 1140 431 1189 librorum
445 1140 602 1190 testimonio:
624 1137 661 1188 Ei
677 1141 760 1189 statim
776 1167 812 1177 -
829 1141 927 1202 lipneoe
945 1143 1029 1190 soleae
1046 1143 1072 1190 in
1084 1144 1166 1204 pedes

119 1208 235 1257 inductae
253 1216 319 1260 sunt.
343 1206 430 1271 Neque
448 1210 516 1258 enim
534 1208 617 1258 solum
633 1208 704 1256 indui
719 1209 756 1257 sic
772 1207 909 1267 dicebatur,
925 1224 1014 1258 rerum
1032 1212 1109 1260 etium
1128 1213 1165 1260 in-

119 1277 187 1328 duci.
216 1274 312 1326 Eodem
323 1277 400 1326 modo
415 1279 471 1342 ipse
490 1277 731 1341 IocutnsAugustus
743 1277 842 1326 videtur
858 1278 884 1325 in
902 1281 1089 1331 commentatus
1100 1282 1164 1343 suis,

119 1346 142 1392 si
161 1344 277 1394 conferas
293 1346 373 1395 Plinii
389 1348 466 1399 verbu
483 1346 540 1398 dict.
556 1353 609 1398 not.
622 1342 748 1410 11,7(5),
765 1344 809 1396 24.
826 1346 906 1395 Divus
922 1347 1052 1411 Aupustns
1070 1349 1166 1397 luerunt

116 1412 231 1476 prodidit
253 1414 302 1463 eibi
325 1417 432 1464 calceum
453 1423 619 1478 praepostere
636 1413 775 1473 inductum,
801 1429 849 1478 quo
868 1415 908 1464 die
924 1416 1047 1465 seditione
1063 1418 1167 1466 militari

115 1496 198 1543 prope
215 1483 331 1545 adflictus
349 1490 394 1536 est.
414 1499 473 1533 cum
489 1483 602 1533 Suetonii
617 1484 702 1532 verbis
716 1485 759 1532 oit.
774 1482 881 1546 Anqust.
901 1499 923 1532 c.
937 1481 981 1534 92.
1000 1483 1123 1546 Auspicio
1140 1491 1166 1534 et

117 1553 199 1599 omino
218 1552 341 1614 quaedem
355 1567 404 1613 pro
419 1554 563 1602 certissimis
581 1551 743 1610 obseruabat,
763 1554 787 1600 si
803 1567 874 1603 mune
892 1551 941 1600 sibi
957 1554 1056 1601 calceus
1070 1568 1163 1615 perpe·

116 1634 173 1667 ram
191 1633 222 1668 ao
242 1622 344 1669 sinister·
359 1635 408 1681 pro
427 1621 535 1669 dextero
552 1620 721 1678 induceretur,
744 1627 772 1666 ut
791 1619 871 1667 dirum
889 1626 935 1667 ete.
968 1619 1077 1681 Uterque
1096 1624 1163 1669 enirn

115 1688 227 1750 scriptor
244 1703 277 1736 ex
294 1688 384 1735 eodem
401 1687 471 1735 fonte
485 1687 604 1734 hausisse
623 1687 730 1736 videtur.
754 1686 817 1733 Tum
839 1687 911 1749 Virq.
932 1687 999 1735 Aen.
1017 1688 1085 1745 VIII,
1101 1685 1164 1741 457.

115 1757 250 1813 tunicaque
268 1755 394 1800 inducitur
412 1759 494 1810 ertias,
511 1760 536 1798 et
550 1751 616 1799 Stat.
634 1754 689 1804 silo.
701 1753 767 1813 VIII,
785 1750 811 1807 2,
827 1748 869 1800 67.
886 1751 1034 1814 Alliensique
1051 1753 1165 1804 humeros

115 1819 222 1870 induxit
238 1819 334 1866 amictu.
360 1834 382 1867 c.
403 1818 445 1868 15.
465 1820 489 1878 5.
508 1815 551 1868 25.
572 1818 699 1866 edendum
715 1817 816 1880 putavi:
839 1825 879 1873 ut,
897 1819 921 1864 si
936 1819 1107 1879 impedimento
1123 1837 1164 1870 re-

36 1892 45 1903 *
116 1890 251 1951 linqueret,
272 1887 410 1935 exercitum
425 1887 551 1946 educeret,
570 1901 603 1935 ex
619 1885 693 1934 libris
706 1885 818 1949 optimae
829 1892 913 1943 notae,
923 1882 984 1935 Cod.
996 1884 1092 1951 Gryph.
1103 1904 1162 1949 uno,

115 1956 241 2008 Leidensi
253 1954 341 2014 altero,
352 1955 466 2005 Mediceo
474 1955 551 2020 longe
560 1953 792 2020 praestantissimo,
805 1967 912 2015 quornm
921 1952 1043 2004 librorum
1056 1973 1162 2007 consen-

114 2027 182 2075 tiens
194 2040 246 2075 vox
264 2026 437 2090 maximopere
448 2038 496 2073 nos
507 2038 611 2074 movere
623 2023 734 2073 debebit.
753 2021 818 2070 Num
830 2024 898 2084 quod
911 2022 1018 2072 alterum
1033 2024 1162 2077 efficacius

115 2096 235 2145 dinerunt
255 2092 363 2144 Oreiiius
374 2101 399 2143 et
411 2093 535 2153 Baiterus,
555 2107 606 2142 non
623 2106 745 2157 agnosco.
763 2091 797 2141 V.
811 2089 965 2141 Gronovium
984 2102 1055 2143 acute
1069 2096 1101 2144 de
1112 2096 1161 2146 hoo

113 2166 170 2213 loco
190 2163 368 2227 dIsputontem.
402 2177 424 2212 c.
443 2158 485 2214 17.
505 2163 530 2223 S.
548 2158 592 2213 27.
617 2161 722 2226 scrIpsi:
746 2160 794 2208 sed
810 2175 857 2209 eos
874 2176 956 2210 omnes
973 2163 1047 2213 simili
1063 2167 1161 2216 ratione

114 2234 282 2294 reperientur,
302 2231 370 2293 quod
387 2232 501 2280 inlibris
518 2237 616 2279 tontum
632 2245 685 2279 non
703 2230 819 2278 omnibus
837 2230 885 2278 sed
898 2237 924 2279 et
940 2246 1021 2280 crines
1036 2233 1160 2299 scriptum

115 2312 163 2351 est.
189 2300 274 2350 Facile
292 2300 360 2349 enim
378 2300 424 2359 ee’,
443 2301 463 2349 i.
483 2315 506 2348 e.
520 2314 575 2364 ene,
595 2306 619 2348 et
637 2302 665 2358 ὃ,
682 2300 699 2347 i.
718 2314 741 2350 e.
760 2305 785 2346 et
802 2297 922 2349 confundi
939 2307 1049 2364 poterat.

183 2371 240 2419 Lib.
255 2369 285 2421 II.
305 2384 326 2420 c.
340 2367 364 2419 1.
381 2370 405 2429 ἕ.
423 2367 446 2418 l.
465 2368 569 2433 scripsi:
586 2370 612 2419 in
631 2366 719 2433 quibus
732 2366 851 2428 portibus
866 2370 932 2417 artie
949 2368 1084 2420 elaborare
1100 2386 1159 2421 oon-

113 2441 216 2490 oeniret.
242 2438 273 2489 H.
292 2439 310 2486 1.
324 2445 417 2500 portes
434 2438 500 2487 'curtis
518 2437 636 2486 dicuntur
656 2436 744 2486 eodem
760 2434 845 2495 modo,
864 2452 914 2499 quo
932 2436 999 2486 infru
1016 2439 1066 2502 III,
1083 2439 1113 2499 1,
1132 2440 1158 2490 1.

109 2516 202 2570 portes
219 2506 329 2569 artificii.
365 2505 463 2570 Officiis
480 2514 565 2555 eutem
583 2507 614 2556 ab
634 2508 671 2555 eis
689 2505 867 2571 interpolatum
884 2506 998 2566 ridetur,
1022 2509 1067 2571 qui
1081 2509 1159 2559 verbs

113 2586 141 2627 ut
157 2592 189 2627 eo
206 2577 291 2640 officio
308 2583 354 2627 ete.
371 2584 429 2625 unte
447 2575 534 2625 oculos
551 2574 688 2629 hebebant.
715 2576 781 2624 Tum
798 2574 962 2626 scriberemus
980 2584 1034 2627 erut
1046 2578 1158 2628 scriben-

116 2646 177 2695 dum
193 2661 239 2710 pro
257 2646 469 2696 conscriberemus
481 2652 585 2709 propter
596 2646 680 2710 ipsum
690 2645 813 2695 librorum
824 2646 1010 2695 auctoritatem.
1028 2647 1053 2707 §.
1066 2645 1093 2695 2.
1111 2647 1160 2696 sed

111 2726 219 2776 porcam
231 2722 330 2776 portent
349 2721 406 2777 eto.‚
426 2714 494 2777 quod
512 2715 593 2764 estin
610 2714 682 2764 libris
698 2714 826 2778 plerisque
843 2713 944 2776 reliqui,
961 2721 990 2762 ut
1005 2713 1157 2764 seminarius

114 2784 218 2840 diuum,
236 2798 262 2832 v.
281 2784 413 2846 quaedixi
429 2783 463 2832 od
480 2783 522 2841 III,
537 2782 562 2846 l,
583 2783 606 2831 1.
624 2784 713 2832 Paullo
730 2790 789 2847 post
806 2783 934 2832 coniuncte
949 2797 997 2848 pro
1014 2775 1158 2832 eoninnotirn

115 2864 148 2899 ex
166 2851 318 2913 optimorum
335 2852 455 2901 librorum
472 2852 567 2901 Indicio
585 2853 747 2903 scribendum
765 2859 827 2904 eret.
844 2851 941 2899 Eadem
951 2850 1016 2898 ratio
1029 2850 1095 2900 inira
1112 2851 1156 2899 ob·

112 2918 219 2968 tinendo
236 2926 274 2967 est
289 2919 339 2978 III,
355 2918 381 2978 2,
399 2917 426 2969 3.
444 2923 581 2982 proximus
599 2930 684 2973 nutem
703 2935 750 2984 pro
770 2926 910 2981 postremus
928 2915 1072 2966 Gronovius
1089 2926 1157 2968 recte

113 2989 290 3053 adsumpsIsse
308 2988 416 3040 ridetur.
440 3003 462 3038 c.
473 2986 500 3040 3.
510 2990 543 3050 ·§.
555 2988 581 3039 5.
599 2992 678 3041 verbu
694 2991 720 3038 in
739 2998 787 3052 quo
804 2986 862 3034 cuni
879 2984 965 3033 multis
981 2985 1054 3035 libris
1071 2989 1155 3037 omisi.

112 3056 173 3107 Loci
189 3056 354 3122 intelligentie
371 3058 407 3106 itn
425 3057 567 3118 adiurmur,
586 3061 609 3108 si
624 3059 739 3124 pleniore
756 3054 959 3118 interpunctione
968 3062 1028 3120 post
1038 3058 1158 3106 devocari

10 3116 23 3173 Γ
113 3127 180 3177 iacta
204 3127 307 3176 scribIs:
334 3127 434 3177 Deinde
456 3129 507 3177 vito
522 3126 626 3178 bominis
649 3142 684 3176 erc
707 3133 766 3174 onte
786 3123 864 3187 faede
885 3129 1030 3185 spectatur:
1053 3128 1156 3186 prtinum

113 3196 282 3246 considerabit
297 3203 430 3246 munder
448 3204 495 3249 ete.
515 3212 538 3247 c.
547 3193 574 3248 4.
586 3198 612 3257 §-
624 3192 652 3247 7.
670 3195 763 3244 retInui
773 3208 816 3242 vr.
829 3193 1016 3256 troneiqendom
1028 3201 1053 3242 et
1069 3192 1155 3257 paullo

112 3273 170 3330 post
186 3265 224 3314 od
238 3266 268 3315 id
281 3256 473 3328 perfidiendum,
494 3266 526 3314 ab
545 3265 602 3314 oiiIs
620 3266 647 3313 in
664 3263 836 3326 suspicionem
853 3261 972 3311 adducto.
1006 3261 1076 3311 Addi
1094 3259 1156 3310 tulin

111 3342 260 3399 potuerunt,
282 3334 329 3385 sed
350 3337 426 3384 etium
445 3334 540 3392 omitti,
559 3331 709 3397 praesertim
726 3331 749 3378 si
767 3338 851 3388 erant,
876 3336 904 3379 ut
920 3326 1041 3378 hocloco
1060 3328 1155 3377 facturn

18 3448 23 3455 .
112 3412 150 3452 ost
161 3404 188 3452 in
199 3409 260 3452 vett.
267 3402 326 3452 edd.
343 3418 389 3467 per
399 3401 549 3466 compendia
558 3401 664 3464 scripta:
677 3397 911 3460 adesrennuqedo
922 3403 946 3443 et
956 3398 993 3444 ad
1001 3394 1153 3461 idpfieiidt's.

111 3471 217 3523 Postea:
235 3469 301 3533 Spes
311 3471 460 3534 perficiendi
469 3484 547 3533 eoquo
557 3469 645 3532 fuerit,
664 3464 828 3528 Spengeiium
842 3470 943 3511 secutus
955 3478 988 3511 ex
1001 3464 1155 3525 optimorum
