2575 3892
374 212 491 271 LIBER
505 213 555 270 111.
578 211 660 270 CAP.
675 218 761 272 5-7.
783 216 809 277 S·
824 218 927 274 9-1u
1129 209 1170 273 43

137 363 256 435 studio,
285 362 371 436 quod
391 357 544 421 eiusmodi
559 356 668 419 virtute
683 357 736 428 sit,
761 365 794 417 ut
809 375 915 418 omnes
931 373 1171 421 commemorare

137 447 271 506 debeant
287 446 380 514 velle,
411 451 465 504 aut
480 441 565 517 quod
579 447 696 501 rectum
711 440 752 501 sit
768 455 807 499 ex
821 439 948 500 aliorum
963 442 1052 502 laude
1067 449 1170 519 osten-

137 531 221 600 dere,
238 526 338 603 qualis
353 524 451 599 ipsius
466 522 585 582 animus
601 523 649 582 sit.
686 521 719 581 Si
732 519 980 599 vituperabimus,
996 532 1048 583 aut
1061 525 1169 585 merito

136 613 251 683 facere,
267 609 353 684 quod
363 607 404 666 ita
415 605 532 666 tractati
541 605 648 677 simus
663 613 715 665 aut
726 605 837 677 studio,
851 605 935 679 quod
945 604 1022 665 utile
1029 615 1170 680 putemus
1268 646 1269 667 ;

136 711 211 754 esse
226 693 265 751 ab
280 688 420 752 omnibus
434 688 555 750 unicam
569 688 712 750 malitiam
726 695 819 765 atque
833 685 1000 762 nequitiam
1015 691 1170 763 cognosci,

137 783 191 837 aut
204 774 290 850 quod
303 775 423 849 placeat
437 771 573 845 ostendi,
600 771 674 847 quid
689 770 778 831 nobis
794 769 970 845 displiceat,
992 785 1032 829 cx
1045 771 1173 832 aliorum
1268 790 1269 803 ι

136 855 373 932 vituperatione.
399 857 448 933 Ab
464 856 531 916 eius
546 872 690 930 persona,
707 855 746 914 de
762 870 824 928 quo
839 855 1010 929 loquemur,
1027 853 1053 914 si
1068 855 1172 915 lauda-

137 941 255 1013 bimus,
277 938 377 1000 vereri
392 957 465 1012 nos,
479 947 512 999 ut
525 938 607 999 illius
621 939 702 998 lacta
717 937 819 998 verbis
834 936 985 1013 consequi
998 936 1172 1012 possimus;

138 1040 247 1085 omnes
261 1022 402 1084 homines
413 1022 494 1083 illius
506 1019 825 1103 virtutespraedicare
837 1026 996 1096 oportere;
1012 1019 1082 1097 ipsa
1093 1020 1174 1079 facta

138 1106 276 1173 omnium
291 1107 481 1166 laudatorum
496 1103 701 1180 eloquentiam
716 1103 840 1164 anteire.
873 1103 907 1163 Si
921 1102 1173 1178 vituperabimuS,
1268 1174 1269 1179 γ

137 1207 191 1262 ea,
219 1204 300 1264 quae
321 1187 461 1249 videmus
482 1187 633 1248 contrarie
652 1186 760 1263 paucis
782 1184 884 1247 verbis
906 1185 1097 1261 commutatis
1112 1184 1173 1247 dici
1268 1216 1269 1219 ¹

136 1288 250 1348 posse,
274 1270 427 1344 dicemus,
449 1279 483 1332 ut
498 1272 600 1346 paullo
616 1287 712 1346 supra
726 1267 858 1345 exempli
874 1285 969 1330 causa
983 1269 1173 1332 demonstra·
1268 1302 1269 1307 κ

121 1364 201 1416 tum
216 1362 273 1415 est.
295 1353 596 1417 testaceorum
610 1370 754 1429 persona,
771 1353 797 1413 si
811 1352 1012 1425 laudabimus,
1028 1353 1173 1427 quoniam
1268 1408 1269 1411 ,

137 1451 201 1495 non
227 1436 312 1510 apud
336 1433 461 1509 ignotos
489 1435 669 1506 laudemuS,
700 1434 759 1494 nos
783 1434 930 1494 monendi
954 1450 1050 1494 causa
1076 1448 1179 1508 pauca

138 1518 293 1588 dicturoS,
316 1524 370 1577 aut
390 1517 418 1576 si
439 1517 660 1591 eruntignoti,
680 1524 715 1576 ut
729 1519 821 1575 talem
839 1518 937 1576 virum
954 1517 1048 1576 velint
1063 1532 1178 1591 cogno·

141 1615 240 1669 scere,
253 1605 413 1672 petemus;
431 1599 576 1672 quoniam
590 1599 621 1657 in
636 1601 747 1658 eodem
758 1594 878 1658 virtutis
893 1599 996 1659 studio
1009 1599 1079 1671 sint,
1095 1599 1179 1674 apud

142 1696 223 1754 quos
239 1682 416 1750 laudemus,
433 1687 526 1753 atque
540 1680 605 1752 ille,
628 1680 682 1752 qui
696 1681 845 1752 laudatur,
861 1680 953 1741 luerit
967 1689 1019 1740 aut
1036 1681 1091 1751 sit,
1108 1698 1179 1755 spe-

140 1777 213 1823 rare
228 1777 287 1820 nos
302 1761 392 1821 lacile
406 1761 454 1830 iis,
472 1759 582 1834 quibus
600 1761 747 1832 velimus,
767 1763 858 1821 huius
879 1763 961 1821 lacta
981 1763 1181 1836 probaturos.
1268 1790 1269 1793 ¹

144 1841 303 1902 Contraria
323 1840 522 1915 vituperatio:
549 1843 692 1917 quoniam
713 1841 829 1916 norint,
855 1860 956 1919 pauca
976 1845 1015 1905 de
1040 1844 1173 1920 nequitia

142 1925 210 1986 eius
233 1941 291 1984 nos
307 1940 379 1983 esse
394 1922 544 2004 dicturos3
572 1922 657 2000 quod
672 1925 698 1986 si
712 1927 866 2001 ignorent,
893 1934 1049 2003 petemuS,
1076 1936 1110 1989 ut
1124 1945 1173 1988 co·
1268 1984 1269 1987 ,

140 2014 307 2082 gnoscant,
333 2005 542 2076 utimalitiam
562 2009 658 2069 vitare
679 2009 815 2085 possint,
843 2009 986 2087 quoniam
1008 2009 1173 2073 dissimiles
1268 2038 1269 2041 ¹

142 2091 218 2160 sint,
235 2089 287 2164 qui
301 2088 437 2162 audiunt,
454 2097 546 2166 atque
561 2091 619 2164 ille,
636 2092 689 2168 qui
703 2093 899 2168 vituperatur,
915 2111 971 2156 eos
986 2094 1067 2156 illius
1083 2095 1173 2155 vitam

141 2174 342 2232 vehementer
362 2172 598 2248 improbaturus.
633 2177 682 2236 Ab
702 2177 795 2239 rebus
817 2176 909 2252 ipsis:
935 2176 1070 2257 incertos
1091 2194 1173 2250 esse,

142 2254 218 2330 quid
226 2255 600 2330 potissimumlaudemus3
616 2259 725 2328 vereri,
738 2276 786 2332 nc,
797 2260 1175 2334 quummidtadixerimus,
1268 2256 1269 2259 ’

139 2340 232 2414 plura
251 2347 496 2413 praetereamus
523 2349 553 2400 et
573 2357 653 2419 quae
674 2341 789 2401 similes
810 2343 978 2404 sententias
1001 2345 1174 2413 habebunt;

142 2420 255 2496 quibus
268 2421 427 2482 sententiis
439 2422 1020 2501 contrariasumunturavituperatione.
1041 2428 1108 2486 Vll.
1124 2424 1174 2486 13.

139 2501 294 2579 Principio
315 2512 411 2565 tracto
426 2506 465 2564 ab
481 2506 583 2582 aliqua
596 2507 719 2581 harum,
746 2523 824 2583 quas
838 2516 909 2569 aute
924 2509 1174 2570 commemoravi-

140 2602 224 2658 mus,
239 2586 405 2659 rationum,
421 2590 553 2651 namatio
568 2607 631 2651 non
646 2590 702 2650 erit
715 2592 790 2665 ulla,
814 2609 893 2668 quae
908 2593 1084 2654 necessario
1101 2609 1175 2653 con-

142 2678 303 2743 sequatur3
320 2671 377 2730 sed
392 2670 419 2730 si
427 2673 501 2746 quid
509 2672 658 2749 inciderit,
674 2692 767 2749 quum
781 2674 908 2750 aliquod
918 2677 1030 2736 lactum
1041 2677 1118 2750 eius,
1134 2676 1174 2736 de
1268 2672 1269 2743 J

142 2767 204 2826 quo
219 2753 389 2826 loquemur,
411 2755 500 2814 nobis
516 2758 700 2815 narrandum
714 2757 756 2835 sit
768 2774 836 2817 cum
849 2759 939 2819 laude
954 2767 1006 2818 aut
1019 2758 1174 2832 vitupera-
1246 2782 1269 2803 υ

140 2833 242 2905 tione,
266 2835 444 2907 praeceptio
465 2837 609 2896 narrandi
631 2838 782 2912 deprimo
798 2838 874 2902 libro
890 2848 1054 2913 repetetur.
1090 2839 1174 2899 Divi-

142 2913 231 2974 sione
245 2913 303 2972 hac
317 2922 451 2975 utemur:
466 2933 666 2992 exponemus,
683 2936 760 2993 quas
773 2936 825 2979 res
841 2921 990 2983 laudaturi
1016 2919 1110 2985 simus
1123 2931 1175 2983 aut
1268 2992 1269 2997 ἵ

139 2995 356 3072 vituperaturi3
384 2997 511 3072 deinde,
537 3007 571 3060 ut
591 3017 733 3075 quaeque
755 3018 856 3076 quove
877 3011 1015 3079 tempore
1039 3021 1090 3065 res
1117 3005 1175 3066 erit

140 3088 236 3154 gesta,
249 3080 357 3141 ordine
369 3080 516 3156 dicemus,
528 3090 569 3157 ut,
584 3083 658 3158 quid
670 3086 822 3161 quamque
833 3094 896 3147 tute
907 3095 1057 3164 cauteque
1068 3090 1174 3164 egerit,

139 3162 332 3239 intelligatur.
355 3164 418 3225 Sed
433 3183 590 3242 exponere
606 3168 759 3242 oportebit
772 3167 863 3229 animi
878 3169 1004 3233 virtutes
1019 3183 1071 3234 aut
1081 3173 1173 3242 vitia,
1268 3230 1269 3233 ,

140 3246 253 3308 deinde
275 3249 436 3309 commoda
457 3258 508 3310 aut
528 3249 723 3313 incommoda
733 3253 877 3328 'corporis
892 3263 944 3317 aut
958 3273 1059 3317 rerum
1073 3264 1172 3317 exter-

138 3346 255 3402 narum,
273 3333 428 3406 quomodo
443 3335 482 3393 ab
496 3334 597 3396 animo
613 3343 739 3396 tractata
754 3337 822 3409 sint,
838 3337 1058 3400 demonstrare.
1086 3335 1173 3397 Ordi-

139 3428 210 3474 nem
231 3413 311 3478 hunc
326 3413 472 3476 adhibere
486 3416 517 3477 in
532 3419 771 3480 demonstranda
785 3419 847 3480 vita
862 3421 1019 3491 debemus.
1054 3419 1103 3475 Ab
1118 3431 1172 3472 ex·
1268 3422 1269 3451 ³
