2575 3892
140 180 201 245 126
507 183 558 242 DE
573 182 807 243 lNVENTlONE
1143 199 1184 251 Ἃ

140 334 268 410 quidem
285 341 448 407 utrumque
469 332 551 393 idem
566 349 638 394 esse
653 331 844 407 inteiligitnr;
873 351 977 393 verum
992 334 1023 394 in
1038 343 1185 413 tempore·

139 417 271 493 spatium
287 416 422 492 quodam
436 416 528 477 modo
544 418 726 490 declaratur,
743 417 827 492 quod
841 415 873 475 in
887 418 976 476 annis
989 428 1042 479 aut
1053 418 1084 480 in
1096 439 1180 485 annu
1265 486 1266 489 ,

138 509 190 565 aut
209 500 240 560 in
256 499 359 575 aliqua
373 499 446 560 anni
457 509 547 579 parte
562 509 735 576 spectatur,
760 500 791 559 in
808 500 974 562 occasione
989 502 1029 561 ad
1045 505 1182 579 spatium

136 582 284 658 temporiS
300 582 432 647 faciendi
445 585 597 660 quaedam
609 582 823 660 opportunitas
835 582 1013 660 intelligitur
1023 588 1180 650 adiuncta.
1265 620 1266 625 κ

137 668 236 742 Quare
259 684 352 742 quum
366 683 480 742 genere
494 667 575 727 idem
591 667 643 740 sit,
669 668 703 727 fit
716 666 815 742 atiud,
842 668 926 743 quod
940 677 1028 742 parte
1044 673 1181 746 quadam

137 760 167 812 et
184 750 305 827 specie,
330 760 364 811 ut
379 751 521 823 diximus
537 750 667 810 differat.
703 751 787 811 Haec
803 751 994 813 distribuitur
1006 753 1037 812 in
1052 749 1110 814 tria
1124 773 1176 831 ge·
1204 800 1207 801 ν
1265 754 1267 759 ’

136 851 226 908 nera,
248 834 420 910 publicum,
442 850 618 907 commune,
641 833 806 908 singulare.
833 834 991 894 Publimim
1005 845 1066 909 est,
1089 842 1181 912 quod

135 912 242 974 civitas
258 914 406 976 universa
420 916 523 992 aliqua
538 917 578 977 de
593 933 688 977 causa
703 919 887 989 frequentat,
902 927 937 977 ut
951 920 1028 991 ludi,
1043 921 1110 980 dies
1126 923 1171 980 Ie-

131 1003 209 1066 stus,
221 999 345 1059 bellum.
362 1001 529 1065 Commune
541 1008 597 1074 est,
610 1000 695 1076 quod
706 1000 817 1060 accidit
827 1001 969 1061 omnibus
982 1004 1091 1063 eodem
1103 1004 1171 1064 lere

132 1091 280 1157 tempore,
296 1092 329 1144 ut
343 1087 466 1158 messis,
481 1085 643 1160 viudemia,
660 1089 752 1158 calor,
769 1087 875 1162 frigus.
898 1087 1059 1162 Singulare
1071 1101 1173 1151 autem

132 1173 193 1237 est,
220 1167 303 1241 quod
318 1167 423 1243 aliqua
435 1169 476 1230 de
491 1185 586 1229 causa
599 1170 741 1245 privatim
756 1169 846 1230 alicui
861 1173 942 1232 solet
956 1172 1112 1248 accidere,
1137 1184 1173 1236 ut

131 1247 267 1322 nuptiae,
290 1248 484 1326 sacrificium,
499 1253 600 1328 funus,
616 1253 800 1328 convivium,
818 1273 953 1318 somnus.
989 1255 1040 1318 41.
1055 1259 1173 1322 Modus

115 1338 232 1391 'autem
247 1341 309 1405 est,
331 1333 362 1392 in
378 1352 456 1410 quo,
479 1335 738 1410 quemadmodum
753 1348 783 1400 et
799 1358 860 1414 quo
875 1340 975 1400 anImo
991 1343 1102 1401 Iactum
1118 1343 1173 1415 sit,

131 1413 296 1490 quaeritur.
332 1417 408 1479 Eius
422 1427 527 1493 partes
543 1428 614 1481 sunt
628 1423 791 1496 prudentia
806 1432 837 1484 et
850 1422 1062 1501 imprudentia.
1092 1423 1169 1484 Prn-

130 1498 252 1560 dentiae
266 1508 367 1562 autem
381 1503 458 1563 ratio
475 1504 631 1578 quaeritur
644 1522 684 1566 ex
699 1505 753 1581 iis,
779 1524 859 1582 quae
874 1511 968 1584 clam,
989 1509 1106 1583 palam,
1127 1509 1170 1584 vi,

129 1582 335 1656 persuasione
350 1585 466 1647 fecerit.
487 1589 695 1664 Imprudentia
709 1598 810 1652 autem
824 1591 855 1652 in
870 1591 1084 1667 purgationem
1096 1609 1167 1652 con-

128 1666 239 1742 fertur,
262 1668 350 1730 cuius
364 1679 470 1746 partes
485 1681 557 1734 sunt
570 1670 741 1750 inscientia,
763 1691 866 1748 casus,
889 1675 1070 1757 nenessitas,
1093 1683 1123 1736 et
1136 1675 1169 1736 in

128 1749 334 1815 adlectionem
346 1753 447 1829 anImi,
468 1755 527 1818 hoc
543 1766 599 1831 est,
621 1758 803 1832 molestiam,
818 1759 1017 1834 iracundiam,
1032 1775 1168 1820 amorem

129 1840 158 1893 et
174 1843 304 1910 caetera,
321 1855 401 1913 quae
415 1838 555 1903 insimili
569 1858 683 1918 genere
699 1850 869 1904 versantur.
895 1843 1070 1907 Facultates
1085 1850 1165 1919 sunt,
1265 1916 1267 1927 Ι

127 1924 180 1976 aut
201 1918 312 1992 quihus
334 1921 454 1985 facilius
474 1924 509 1984 fit
528 1933 580 1987 aut
600 1925 670 1985 sine
692 1926 803 2001 quibus
825 1926 943 2004 aliquid
968 1928 1079 1991 confici
1103 1946 1167 1990 non

126 2007 239 2072 potest.
1153 2058 1157 2063 ,

209 2088 344 2151 XXVIII.
364 2090 550 2152 Adiunctum
565 2088 688 2168 negotio
704 2097 806 2151 autem
822 2091 853 2151 id
869 2091 1062 2168 intelligitur,
1078 2093 1163 2166 quod

125 2170 224 2232 maius
240 2181 271 2232 et
286 2174 368 2247 quod
384 2175 484 2236 minus
500 2182 531 2235 et
546 2177 629 2250 quod
646 2174 744 2235 simile
760 2176 817 2235 erit
833 2175 860 2234 ei
881 2177 1023 2251 negotio,
1046 2192 1108 2251 quo
1124 2177 1165 2235 de

126 2257 241 2330 agitur,
258 2265 289 2316 et
305 2258 389 2331 quod
404 2274 505 2334 aeque
519 2275 663 2335 magnum
679 2267 710 2317 et
725 2260 809 2333 quod
827 2260 1016 2320 contrarium
1031 2268 1062 2318 et
1078 2261 1163 2334 quod

126 2339 325 2415 disparatum,
340 2348 372 2400 et
386 2358 485 2416 genus
502 2351 533 2403 et
547 2359 620 2417 pars
637 2351 668 2402 et
683 2348 824 2402 eventus.
854 2343 953 2402 Maius
970 2351 1000 2401 et
1014 2342 1114 2401 minus
1132 2348 1165 2401 et

125 2436 225 2497 aeque
239 2440 382 2497 magnum
399 2441 437 2482 ex
452 2426 485 2485 vi
500 2434 532 2486 et
547 2441 586 2485 ex
600 2440 729 2485 numero
746 2434 776 2484 et
791 2442 830 2485 ex
846 2427 943 2500 figura
957 2423 1086 2498 negotii,
1102 2426 1161 2484 sic·

123 2511 157 2564 ut
173 2521 210 2564 ex
225 2514 345 2567 statura
360 2506 515 2580 corporIs,
539 2508 759 2568 consideratur.
804 2509 855 2568 42.
876 2507 979 2567 Simile
999 2511 1101 2566 autem
1120 2524 1162 2566 ex

123 2587 229 2661 specie
245 2589 444 2662 comparabili
457 2597 511 2650 aut
524 2606 563 2650 ex
575 2591 764 2653 conterende
774 2600 868 2669 atque
882 2590 1094 2652 adsimulanda
1108 2609 1160 2650 na-

122 2678 189 2732 tura
204 2670 363 2734 iudicatur.
398 2673 587 2735 Contrarium
606 2684 667 2746 est,
687 2677 771 2749 quod
786 2676 920 2752 positum
939 2675 969 2734 in
983 2691 1100 2750 genere
1115 2677 1160 2735 di·
1212 2740 1215 2745 ,
1265 2748 1266 2751 ¹

121 2773 215 2818 verso
232 2758 270 2816 ab
291 2758 415 2828 eodem,
431 2758 481 2819 oui
498 2758 682 2820 contrarium
699 2759 818 2833 dicitur,
832 2759 995 2834 plurimum
1010 2758 1114 2830 distat,
1128 2768 1162 2820 ut
1182 2808 1194 2809 ff

120 2841 218 2919 frigus
235 2841 339 2914 calori,
353 2841 436 2902 ritae
450 2859 545 2904 mors.
572 2843 767 2919 Disparatum
782 2851 884 2904 autem
901 2850 949 2903 est
963 2843 1004 2914 id,
1021 2845 1106 2918 quod
1120 2844 1160 2902 ab

121 2924 223 2998 aliqua
251 2943 285 2986 re
313 2926 543 3002 praepositione
563 2927 736 3003 negationis
757 2936 933 3003 separatur,
962 2926 1022 2985 hoo
1047 2927 1158 2987 modo:

120 3022 232 3080 sapere
248 3018 277 3068 et
293 3027 354 3070 non
370 3027 491 3085 sapere.
529 3010 632 3071 Genus
649 3018 711 3082 est,
735 3013 818 3084 quod
839 3017 945 3085 partes
960 3008 1082 3083 aliquas
1097 3026 1159 3068 am-

118 3088 271 3164 plectitur,
290 3100 322 3153 ut
336 3093 496 3168 cupiditas
518 3095 593 3154 Pars
608 3102 666 3165 est,
678 3110 757 3168 quae
768 3095 878 3155 subest
888 3090 1004 3168 generi,
1016 3099 1051 3153 ut
1062 3110 1160 3163 amor,

22 3178 23 3181 ’
119 3170 256 3231 εινεπίιίει.
291 3174 428 3236 Eventus
451 3184 499 3236 est
510 3176 614 3237 exitus
631 3177 759 3237 alieuius
775 3177 906 3253 negotii,
922 3176 953 3235 in
970 3191 1033 3250 quo
1051 3177 1158 3250 quaeri

119 3251 214 3321 solet,
238 3254 311 3325 quid
328 3272 366 3315 ex
383 3275 507 3333 quaque
521 3276 556 3320 re
572 3260 724 3335 evenerit,
741 3262 877 3333 eveniat,
901 3267 1084 3321 eventurum
1105 3258 1158 3317 sit.

119 3333 218 3404 Quare
229 3330 290 3391 hoc
301 3336 330 3392 in
344 3353 468 3411 genere,
482 3351 516 3401 ut
527 3343 730 3416 commodius
742 3344 815 3420 quid
829 3351 1012 3403 eventurum
1024 3343 1072 3414 sit,
1085 3349 1158 3400 ante

117 3412 220 3469 animi>
237 3415 338 3487 0⁰¹5&
354 3421 464 3489 possin
483 3425 554 3494 quid
574 3437 696 3500 qnoque
712 3444 750 3486 ex
765 3443 799 3485 re
814 3430 916 3485 soleat
933 3426 1068 3495 evenne,
1085 3441 1157 3485 eon-
