2575 3892
111 185 166 228 xiv
444 167 636 218 ruoonnmm
652 138 814 220 mironis.

110 323 135 370 vi
154 321 252 383 dicitur,
272 319 295 367 si
311 321 366 375 iste,
384 334 459 381 quam
478 322 502 368 si
514 321 564 370 tata
582 323 707 377 scribitur.
725 322 761 371 De
775 323 923 387 pronomine
931 324 1078 387 possessivo
1090 339 1151 374 crues

109 389 168 438 vide
186 402 250 449 quae
268 387 361 439 dixtin
379 388 519 440 Emendat.
540 388 646 438 Tulliae.
663 404 691 454 p.
701 389 737 440 20
752 406 792 454 sq.
808 390 854 438 Est
870 398 983 440 nostrum
991 394 1147 454 vpereri'nlt‘clt.

110 472 132 507 c.
147 453 191 508 36.
209 458 234 516 5.
246 452 290 507 48.
309 457 458 521 scripturam
475 459 592 521 omnium·
603 472 685 523 paene
703 459 825 509 librorum
843 461 1038 509 consentientem
1057 463 1094 510 sic
1111 464 1148 511 in-

108 525 240 591 terpunxit
259 531 284 574 et
298 539 397 575 eum—-
405 540 449 575 rer
466 529 623 576 remcrmnt’ni
639 529 731 578 datare
749 536 775 579 et
788 528 856 578 alitis
868 527 906 575 ad
915 528 1079 590 reipublicae
1088 545 1148 592 per-

16 586 30 635 Ῐ
44 600 55 607 “
108 596 205 657 uidem,
222 595 342 658 555555τὶ5,
361 594 577 665 praemolestia,
594 598 621 645 r'n
639 598 756 646 civitam
782 594 824 645 Sic
842 596 908 644 enim
924 599 1063 646 rectissime
1079 599 1148 647 istud

110 662 249 726 asyndeton
265 663 360 712 maiore
376 663 489 728 pondere
507 665 626 715 orationis
644 666 799 730 adiungitur.
819 679 842 715 c.
855 659 900 716 37.
912 665 939 724 5.
953 663 998 718 49.
1017 681 1068 715 555
1085 668 1147 715 sutis

110 739 181 779 cante
206 731 340 780 ucvmsimi
362 732 470 782 editores
492 732 641 797 particulam
664 741 745 787 turrea
773 740 831 783 ante
859 733 966 782 mrdeitr'a
990 734 1145 783 deleverunt.

108 797 186 848 Recte
202 802 269 850 euim
286 801 338 851 iam
351 798 493 853 Grouorius
508 803 630 851 rationem
649 803 768 866 reddidit,
783 801 914 864 quomodo
929 801 1078 866 explicanda
1090 817 1146 851 ora-

108 868 143 916 tic
163 876 242 917 esset:
264 869 311 918 aed
327 871 378 917 istu
395 875 475 919 terren
492 872 601 919 auidae
614 896 648 907 --
664 873 761 921 tumui
776 884 866 920 uereor
882 870 1001 934 55555515
1018 873 1148 932 accepturi

107 938 171 1000 attis,
189 944 268 986 tamen
284 937 365 986 dcam
373 961 410 973 ·-
418 953 465 989 uua
476 953 515 988 me
528 941 658 1001 paveam.
677 940 803 1005 Repetitio
813 945 899 989 autem
908 938 1048 1002 particulae
1066 946 1146 988 tamen

107 1006 133 1053 iu
152 1006 277 1055 eiusmodi
293 1007 413 1056 membris
434 1009 476 1069 qui
493 1016 609 1057 accurate
631 1008 722 1074 legerit
738 1009 829 1058 Latina
846 1007 953 1070 scripta,
976 1006 1085 1057 offendet
1102 1020 1145 1056 ne-

106 1074 209 1124 minem.
228 1088 251 1127 5.
270 1070 313 1125 39.
331 1076 357 1136 5.
376 1072 420 1126 51.
438 1076 538 1125 ridetur
553 1075 614 1125 mihi
632 1079 677 1127 vix
693 1091 770 1142 posse
788 1076 897 1126 dubitari
915 1075 946 1124 de
963 1076 1068 1124 veritate
1085 1078 1144 1125 scri-

105 1149 195 1207 pturae
212 1143 302 1195 inultos
318 1157 364 1207 pro
380 1147 473 1202 nultos,
491 1145 559 1206 qaod
573 1153 611 1194 est
626 1146 654 1194 in
671 1146 751 1209 libris,
768 1145 794 1193 in
807 1144 891 1194 verbis
907 1142 962 1193 his:
980 1159 1073 1194 555555
1087 1145 1145 1193 den-

106 1218 144 1259 tes
166 1211 256 1261 inultos
278 1213 304 1262 ia
326 1213 443 1277 cuiusque
461 1213 597 1276 funerant.
625 1216 716 1264 inultos
737 1215 825 1263 dates
846 1211 949 1262 habebit
972 1212 1029 1277 ille,
1054 1214 1076 1261 si
1099 1215 1145 1262 erit

106 1280 238 1329 sententiis
259 1279 371 1329 iudicum
394 1281 524 1334 liberatus.
552 1284 643 1333 inultae
664 1291 689 1332 et
710 1284 797 1332 miae
819 1289 904 1330 autem
926 1281 953 1330 in
977 1281 1048 1329 libris
1068 1295 1144 1332 manu

107 1348 207 1412 scriptis
223 1349 268 1397 vix
285 1349 468 1400 discernuntur.
495 1365 518 1401 c.
535 1348 580 1400 ti.
599 1352 624 1411 5.
643 1348 687 1401 53.
707 1351 798 1415 scripsi
815 1365 877 1415 ego:
895 1356 923 1398 ut
939 1351 1019 1399 onmia
1035 1351 1102 1399 inter
1116 1365 1146 1399 ae

106 1430 123 1464 u
136 1418 218 1477 priato
235 1417 272 1466 ad
281 1424 432 1478 postremum
442 1419 588 1468 ornament
601 1421 730 1483 maleficio,
749 1418 849 1468 felicem
862 1419 1031 1469 coniecturam
1042 1421 1069 1468 in
1080 1417 1144 1468 libro

104 1483 289 1550 Duisburgensi
306 1494 473 1552 propagatam
489 1488 667 1561 mueflmupro
679 1488 802 1550 maleficta
818 1487 952 1551 adoptans,
971 1494 1000 1537 ut
1010 1487 1074 1537 haec
1087 1502 1144 1536 sen-

15 1610 16 1613 *
103 1554 183 1602 tentia
200 1562 375 1604 nascatnrrut
390 1558 471 1605 omnia
481 1558 548 1606 iuter
557 1570 586 1605 se
600 1571 617 1621 a
629 1558 713 1618 punto
729 1556 766 1604 ad
776 1563 926 1618 postrema
941 1557 979 1605 ita
990 1558 1145 1621 conuectant,

103 1630 131 1670 ut
153 1637 182 1672 55
205 1624 348 1685 maleficium
367 1624 461 1687 suctum
484 1629 621 1687 appareat.
658 1641 682 1674 c.
702 1621 747 1676 43.
766 1626 795 1685 5.
819 1622 862 1676 55.
885 1638 991 1674 necesse
1013 1638 1069 1673 esse
1093 1638 1145 1673 non

104 1692 221 1740 existimo
241 1692 317 1741 adiici
333 1693 371 1742 eie
387 1701 474 1742 contra
492 1694 570 1747 libros
587 1707 674 1743 omues
688 1694 714 1742 in
726 1693 882 1757 verbishis:
900 1707 977 1755 caepe
994 1694 1048 1755 ipae
1063 1708 1145 1742 aecum

103 1762 225 1825 loquetur,
244 1774 322 1823 quum
341 1761 509 1826 intelligentie
519 1761 572 1810 loci
589 1754 673 1811 facilis
686 1764 720 1811 sit
730 1776 777 1826 per
788 1777 854 1813 sese.
874 1777 896 1813 c.
909 1759 953 1813 44.
967 1763 992 1822 5.
1009 1758 1052 1812 56.
1066 1777 1144 1824 prae-

103 1831 214 1889 ceptione
231 1829 372 1879 rhetoricae
383 1837 422 1879 est
437 1846 469 1880 ex
480 1832 566 1880 multis
581 1839 605 1880 ct
621 1832 696 1880 bonis
715 1831 785 1879 libris
802 1845 818 1880 a
834 1845 875 1878 me
888 1839 1025 1893 receptum,
1044 1833 1088 1892 qni
1102 1838 1145 1879 aut

104 1895 246 1946 rhetoricae
263 1904 320 1954 aut,
338 1899 407 1959 quod
420 1898 490 1948 idern
508 1907 560 1950 est.
579 1899 703 1949 rttetorr'ce
719 1900 840 1962 scriptum
858 1897 960 1954 habent,
976 1912 1023 1962 pro
1041 1898 1143 1964 volgato

100 1979 143 2028 pr.
157 1965 293 2016 rhetorica.
311 1966 337 2026 5.
350 1961 394 2016 57.
407 1980 459 2028 per
474 1967 583 2018 dedecus
601 1976 626 2019 et
638 1983 688 2030 per
704 1967 827 2030 5955αυί555
841 1967 924 2014 uivere
938 1979 984 2028 pro
998 1978 1050 2026 per
1066 1968 1144 2015 dede·

101 2048 146 2083 cus
168 2042 194 2084 et
214 2035 338 2097 tenaciam
354 2050 378 2086 u.
398 2037 482 2101 recepi
500 2052 537 2085 ext
547 2036 618 2086 libris
634 2034 781 2100 permultis,
799 2033 858 2083 vide
874 2034 981 2085 Gronau.
999 2032 1048 2082 hac
1066 2035 1143 2084 dere

100 2104 298 2167 praecipientem
316 2102 350 2151 ad
366 2103 412 2154 lib.
427 2105 471 2156 lli.
490 2121 515 2157 a.
531 2103 573 2156 13.
592 2107 617 2166 5.
631 2102 675 2156 23.
694 2102 783 2153 Paullo
797 2109 857 2168 post
874 2118 906 2152 ex
925 2103 1027 2166 optimis
1045 2110 1069 2152 et
1086 2104 1144 2168 plu·

100 2171 171 2220 rimis
189 2170 259 2221 libris
275 2172 374 2237 recept:
397 2174 423 2221 iu
439 2188 490 2238 quc
507 2168 609 2224 5515555
626 2182 651 2224 et
666 2173 730 2222 illud
745 2173 923 2225 cancdacinmm
939 2186 1025 2221 amaea
1039 2175 1143 2234 patriae

100 2242 248 2291 continetur.
265 2239 331 2288 Nam
342 2242 504 2307 mutuentur,
522 2244 590 2305 quod
606 2245 633 2292 in
649 2243 738 2307 paucis
753 2242 824 2291 libris
838 2249 885 2304 est,
902 2241 1027 2304 deprimit,
1043 2255 1093 2289 non
1106 2240 1143 2289 ei-

100 2309 149 2359 iert
163 2309 350 2359 sanctissimum
361 2324 453 2360 nomen
472 2313 577 2376 patriae.
594 2311 691 2361 Deinde
710 2327 743 2360 ex
759 2311 895 2360 multorum
913 2310 1033 2359 librorum
1048 2310 1142 2359 indicio

99 2379 162 2427 satis
180 2386 247 2428 certo
264 2380 368 2445 scripsit
387 2386 412 2428 et
429 2395 458 2430 se
473 2380 599 2430 deoouuce
616 2381 709 2430 dicitur
721 2394 774 2441 pro
792 2379 928 2442 lectorarius
944 2385 969 2427 et
984 2393 1013 2427 ae
1023 2380 1049 2425 in
1059 2377 1143 2427 lactes

98 2449 225 2497 innitatur
247 2449 354 2512 medica,
379 2446 448 2510 quod
471 2449 534 2498 mihi
555 2450 630 2498 etiam
655 2450 689 2498 ad
710 2448 861 2497 senteutiam
878 2447 962 2510 aptius
980 2445 1079 2495 videtur
1094 2458 1141 2509 pro

97 2516 213 2581 volgato:
232 2524 257 2566 et
271 2532 300 2566 ae
318 2517 444 2567 5155555555
462 2518 554 2567 uetur
569 2525 593 2566 et
603 2531 657 2579 pro
673 2515 809 2581 teutonibus
820 2515 846 2564 in
859 2513 885 2564 Ιι.
899 2516 917 2565 i.
927 2530 959 2564 m.
976 2513 1037 2562 Mox
1050 2515 1142 2578 scripsi

98 2585 230 2652 audacius,
249 2585 295 2635 sed
312 2600 380 2651 vere,
398 2594 427 2635 nt
442 2594 519 2650 putot
537 2587 576 2636 Re
586 2587 650 2635 enim
662 2588 706 2635 niti
715 2585 870 2633 murcianum
881 2589 907 2632 et
912 2595 999 2644 parua
1010 2584 1142 2631 mximam

95 2654 208 2709 redemit.
225 2653 280 2705 Hoc
296 2655 362 2704 enim
375 2655 504 2720 flagitatur
516 2655 547 2704 ab
560 2655 685 2705 sententia
697 2654 746 2703 loci
759 2667 807 2702 555
819 2651 883 2701 adeo
896 2659 1039 2716 repugnant
1050 2653 1142 2715 optimi

96 2723 166 2784 libri,
186 2725 324 2788 inquibus
344 2739 395 2774 non
413 2731 465 2783 est,
488 2730 516 2771 ut
532 2723 607 2787 volgo
627 2723 722 2772 editur:
740 2721 779 2773 Re
796 2722 860 2770 euim
876 2721 996 2769 vilissima
1013 2735 1100 2769 curam
1116 2728 1143 2769 et

94 2808 177 2855 parca
193 2810 224 2844 m.
243 2809 278 2859 r.‚
297 2794 345 2844 sed
366 2809 396 2843 re
418 2794 480 2843 enm
502 2793 619 2842 cilicum
643 2798 669 2840 ct
687 2805 774 2854 parua
790 2804 822 2838 m.
841 2805 877 2853 r„
900 2796 928 2836 ut
948 2797 1069 2854 appareat
1091 2803 1141 2854 pro

93 2865 268 2914 atticartertma
284 2877 370 2914 errore
386 2862 504 2913 uilissima
521 2861 657 2925 scriptum,
674 2859 733 2910 dein
750 2874 837 2908 caram
853 2859 1000 2923 inprimis,
1018 2859 1045 2907 in
1061 2858 1141 2923 piuri-

94 2931 143 2979 555
160 2933 232 2981 libris
250 2939 345 2982 certam
361 2933 501 2999 repositum
521 2945 587 2996 csse,
605 2928 674 2994 quod
692 2931 768 2981 etiam
785 2927 868 2994 gradu
889 2928 1085 2992 comparationis
1100 2928 1140 2974 in-

94 2999 180 3048 solens
193 3006 240 3050 est.
260 3014 283 3049 5.
295 2997 340 3052 47.
353 3002 378 3061 5,
390 2998 435 3052 60.
454 3000 539 3051 Simile
552 2999 644 3064 scripsi
656 3014 688 3049 ex
699 2999 771 3049 libris
782 2998 872 3046 bonis:
891 2994 1007 3045 Sumatur
1024 3003 1048 3045 et
1064 3009 1140 3056 aper·

93 3070 143 3118 tius
164 3067 266 3119 dicendi
286 3082 366 3118 curua
386 3069 479 3119 uncle:
500 3071 594 3121 dicitur
612 3076 693 3121 cutem
708 3083 757 3131 per
774 3066 919 3117 breuitatem
935 3070 983 3116 etc.
1012 3061 1051 3113 De
1067 3065 1142 3113 uuiti

92 3152 139 3201 pro
165 3136 324 3187 cirtilitudc'ue
342 3152 366 3187 v.
391 3152 456 3200 quae
475 3139 530 3189 dixi
551 3139 585 3188 ad
602 3154 625 3191 c.
643 3133 688 3190 27.
705 3138 731 3200 5.
748 3131 792 3189 37.
822 3135 851 3184 15
874 3133 993 3184 extremis
1017 3131 1094 3181 huius
1112 3134 1139 3194 5.

92 3207 177 3255 verbis
202 3207 386 3256 constituendis
408 3222 483 3271 quam
508 3209 623 3272 proxime
640 3206 727 3257 studui
746 3203 867 3256 accedere
885 3202 919 3253 ad
935 3202 1059 3252 librorum
1077 3204 1139 3250 sori-

92 3282 201 3339 pturam,
221 3275 268 3324 sed
286 3275 388 3340 singula
404 3291 451 3340 pro
468 3284 535 3326 certo
553 3277 687 3329 adfirmare
705 3274 809 3325 dilflcile
827 3280 875 3324 est.
894 3288 917 3325 c.
936 3268 981 3325 48.
998 3273 1024 3333 5.
1042 3267 1086 3322 61.
1107 3285 1138 3318 55

93 3344 175 3408 magis
193 3343 306 3394 dubitavi
325 3345 525 3394 coniunctionem
544 3346 653 3399 abiicere
671 3346 697 3394 iu
708 3344 793 3395 verbis
808 3341 864 3390 his:
883 3348 1021 3392 terrestres
1038 3341 1138 3389 et'cae-

92 3413 166 3463 testes
183 3419 210 3462 et
224 3412 370 3475 maritimas,
389 3413 459 3474 qnod
474 3420 499 3462 et
516 3413 542 3463 in
558 3414 630 3465 libris
646 3414 774 3480 plerisque
793 3418 861 3462 certa
872 3411 929 3460 eius
943 3406 1136 3474 deprehendun-

1264 3042 1273 3135 t
