2575 3892
161 148 223 209 100
505 151 558 209 AD
581 150 865 211 C.HERENN1UM

158 298 216 358 Per
231 295 483 371 consequentiam
497 297 737 375 significatioest,
754 318 847 378 quum
859 319 918 376 res,
934 320 1016 379 quae
1027 318 1209 382 sequantur

160 381 293 456 aliquam
307 396 387 452 rem,
403 380 559 454 dicuntur,
576 399 615 443 ex
630 384 742 459 qulbus
758 395 821 445 tota
834 403 885 447 res
900 388 1082 464 relinquitur
1097 390 1130 452 in
1149 411 1204 458 su-

160 462 317 538 spicione;
343 473 376 523 ut
398 463 425 523 si
446 466 670 527 salsamentarii
685 468 747 529 lilio
762 469 865 529 dicas=
891 469 1022 543 Quiesce
1037 482 1084 546 tu,
1109 477 1204 539 cuius

160 557 248 623 pater
259 545 361 607 cubito
374 562 410 607 se
421 564 586 623 emungere
597 550 725 612 solebat.
747 552 804 611 Per
815 553 1031 628 abscisionem,
1048 556 1084 630 si,
1103 577 1203 634 quum

159 630 324 705 incipimus
339 630 456 706 aliquid
470 631 589 705 dicere,
613 634 835 708 praecidimus,
858 643 944 697 etex
958 653 1013 713 eo,
1036 642 1203 717 quodiam

159 713 303 786 diximus,
320 714 395 774 satis
409 714 592 790 relinquitur
607 717 806 792 suspicionis,
822 716 883 779 sic:
906 719 963 794 Qui
978 720 1038 782 ista
1053 724 1155 785 lorma
1170 738 1202 789 et
1266 743 1267 746 ’

159 804 259 857 aetate
274 812 373 872 nuper
386 797 504 858 alienae
520 798 624 860 domui
637 844 644 858 .
657 844 665 858 .
679 845 685 858 .
699 844 706 858 .
722 804 794 863 nolo
806 804 894 876 plura
906 804 1020 865 dicere.
1042 806 1100 867 Per
1112 808 1199 872 simi-

159 879 326 953 litudinem,
343 897 437 955 quum
447 880 595 957 aliquare
606 883 697 944 simili
708 886 810 946 adlata
821 885 895 946 nihil
906 888 1039 963 amplius
1054 891 1200 970 dicimus,

159 964 217 1023 sed
238 981 279 1025 ex
299 980 337 1024 ea
357 963 581 1038 significamus,
609 967 684 1042 quid
698 968 881 1043 sentiamus,
906 971 967 1031 hoc
981 973 1090 1035 modo:
1115 974 1197 1051 Noli,

160 1044 333 1119 Saturnine,
345 1046 469 1109 nimium
482 1049 590 1125 populi
600 1051 773 1112 reverentia
785 1053 879 1114 lretus
891 1071 979 1115 esse:
995 1055 1082 1117 inulti
1093 1058 1200 1122 iacent

159 1127 298 1189 Gracchi.
333 1130 416 1191 Haeo
431 1132 589 1193 exornatio
604 1134 768 1207 plurimum
784 1135 956 1199 festivitatis
969 1139 1077 1212 habet,
1100 1141 1199 1202 inter-

159 1211 233 1270 dum
253 1220 284 1272 et
303 1211 475 1286 dignitatis3
499 1214 572 1275 sinit
585 1216 667 1276 enim
682 1217 829 1292 quiddam
843 1219 936 1281 tacito
952 1230 1075 1283 oratore
1090 1224 1199 1301 ipsum

158 1293 328 1355 auditorem
344 1294 506 1370 suspicari.
997 1309 1000 1314 ·

235 1375 286 1439 68.
307 1378 447 1438 Brevitas
458 1387 506 1440 est
514 1396 566 1441 res
578 1380 658 1456 ipsis
669 1386 878 1446 tantummodo
889 1387 991 1447 verbis
1003 1391 1196 1454 necessariis

157 1450 511 1535 expeditaJlYo‘c‘m‘o'do:
522 1463 679 1526 Lemnum
693 1469 883 1541 praeteriens
899 1471 996 1546 cepit;
1012 1471 1085 1533 inde
1096 1473 1196 1536 Thasi

151 1543 342 1618 praesidium
357 1547 496 1623 reliquit;
513 1559 586 1626 post
603 1553 711 1612 urbem
725 1554 949 1631 Lysimachiam
964 1562 1106 1635 sustulit;
1122 1565 1197 1627 inde

151 1643 265 1688 versus
279 1629 311 1688 in
327 1630 561 1707 Hellespontum
576 1636 678 1696 statim
694 1639 810 1712 potitur
824 1640 949 1717 Abydo.
979 1645 1072 1705 ltem:
1098 1649 1194 1711 llllodo
1266 1693 1267 1702 η

151 1716 278 1784 consul,
304 1714 462 1788 quondam
477 1718 634 1790 tribunus,
657 1720 770 1781 deinde
784 1723 901 1799 primus
918 1725 1062 1790 civitatis.
1099 1733 1193 1794 Tum:

150 1795 362 1857 Proficiscitur
377 1799 408 1858 ln
423 1800 543 1874 Asiam,
564 1803 677 1863 deinde
698 1808 862 1879 [exsulet]
889 1809 988 1870 hostis
1011 1820 1059 1873 est
1080 1814 1191 1890 dictus,

150 1884 225 1951 post
246 1879 428 1954 imperator,
456 1894 614 1956 postremo
641 1889 742 1947 factus
764 1899 812 1949 est
834 1894 953 1957 consul.
997 1897 1097 1957 Habet
1114 1915 1192 1973 pau·
1262 1917 1267 1930 *

152 1951 198 2010 cis
225 1957 450 2031 comprehensa
474 1962 608 2027 brevitas
634 1972 795 2035 multarum
819 1994 920 2040 rerum
947 1984 1187 2059 expeditionem.
1225 2044 1231 2052 .

130 2058 136 2066 ·
151 2032 251 2128 Quare
265 2038 441 2132 adhibenda
455 2060 550 2121 saepe
566 2058 627 2121 est,
652 2072 746 2130 quum
761 2067 877 2122 autres
892 2079 1062 2142 nonegent
1075 2072 1187 2148 longae

151 2125 301 2180 oratioms
316 2132 369 2184 aut
383 2132 505 2202 tempus
520 2148 583 2192 non
598 2134 670 2197 sinit
685 2137 847 2203 immorari.

227 2201 291 2262 LV.
299 2205 550 2306 ..Qifflfihsllhlib
554 2224 616 2291 est,
643 2237 737 2298 quum
752 2224 794 2286 ita
807 2230 911 2292 verbis
926 2250 978 2294 res
993 2235 1182 2313 exprimitur,

147 2294 180 2348 nt
200 2287 266 2382 geri
287 2301 443 2365 negotium
470 2305 501 2358 et
519 2315 570 2360 res
585 2312 657 2365 ante
672 2309 780 2370 oculos
795 2326 867 2373 esse
882 2314 1031 2380 videatur.
1067 2321 1102 2381 ld
1116 2323 1184 2385 lieri

142 2378 268 2443 potent,
291 2373 327 2445 si,
351 2392 431 2450 quae
444 2388 516 2441 onte
530 2392 561 2444 et
575 2394 692 2459 postet
705 2390 737 2451 in
751 2391 822 2468 ipsa
835 2413 869 2457 re
885 2400 965 2461 lacta
979 2412 1076 2476 erunt,
1099 2422 1184 2469 com·

145 2451 374 2525 prehendamus
395 2469 448 2521 aut
468 2479 487 2522 a
506 2466 601 2528 rebus
615 2477 879 2550 consequentibus
893 2491 946 2545 aut
960 2485 1183 2550 circumstanti-

145 2532 205 2624 bus
218 2551 285 2636 non
294 2542 486 2620 recedemus
501 2547 561 2610 hoc
574 2555 685 2616 modo:
708 2558 797 2632 Quod
811 2562 901 2626 simul
916 2576 1007 2645 atque
1021 2569 1182 2636 Gracchus

144 2627 313 2697 rntellexrt,
345 2623 495 2692 fluctuare
509 2638 660 2710 populum
673 2652 846 2719 verentem,
862 2667 902 2710 ne
915 2650 985 2728 ipse
1000 2654 1181 2718 auctoritate

142 2711 269 2798 senatus
284 2720 454 2773 commotus
470 2731 489 2775 a
503 2721 655 2782 sententia
666 2724 837 2803 desisteret,
853 2732 937 2796 iubet
945 2738 1092 2801 advocari
1105 2754 1181 2802 con-

144 2793 268 2849 nonem.
303 2790 365 2853 Iste
386 2794 502 2858 interea
522 2805 641 2866 scelere
661 2816 692 2868 et
711 2812 799 2873 malis
815 2817 1052 2891 cogitationibus
1066 2825 1180 2885 redun-

139 2869 218 2932 dans
234 2876 365 2938 evolate
380 2883 494 2957 templo
503 2884 594 2960 lovis,
612 2892 737 2967 sudans,
755 2898 853 2961 oculis
867 2903 1055 2978 ardentibus,
1072 2907 1179 2972 ere'ctc

139 2955 260 3044 capillo,
284 2968 423 3024 contorta
436 2974 516 3040 toga,
534 2986 602 3030 cum
617 2976 757 3048 pluribus
772 2981 840 3042 aliis
855 2984 900 3045 ire
915 2984 1044 3046 celerius
1061 2993 1180 3066 coepit.

137 3031 692 3130 1111praecofaciebataudlentlam;
717 3062 781 3136 hic,
810 3068 992 3131 subsellium
1017 3072 1180 3147 quoddam

135 3127 249 3215 excors
266 3128 352 3186 calce
366 3145 521 3206 premens
534 3136 663 3200 dextera
678 3146 788 3217 pedem
805 3150 958 3229 defringit,
975 3163 1007 3215 et
1023 3156 1083 3217 hoc
1098 3159 1181 3221 alios

72 3232 81 3274 ,
135 3195 219 3256 rubet
241 3211 312 3264 rtem
334 3210 447 3274 lacere.
484 3218 582 3290 Quum
599 3223 756 3289 Gracchus
781 3231 860 3293 deos
877 3236 1029 3312 inciperet
1042 3245 1177 3317 precari,

136 3278 249 3338 cursim
264 3283 315 3345 isti
326 3288 474 3364 impetum
487 3301 602 3364 faciunt
615 3315 646 3366 et
658 3325 697 3369 ex
709 3313 775 3372 aliis
787 3316 837 3374 alii
848 3320 988 3391 partibus
1002 3337 1180 3388 commeant
