2575 3892
131 166 173 228 ao
467 165 522 225 ,to
545 133 576 224 c,
596 164 825 225 uununutou

131 334 318 395 magnopere
339 318 604 393 supersedendum
626 324 682 375 est.
721 315 789 374 Non
809 312 891 374 enim
914 311 1169 392 reprehensione,

135 403 202 475 sed,
218 403 299 464 sicut
313 402 391 462 aliae
407 402 594 477 complures,
608 416 666 459 sua
681 405 793 473 sponte
804 395 918 456 vitiosa
930 397 1099 457 est.xxu1.
1114 399 1169 461 35.

131 484 252 545 Vitiosa
271 482 347 543 ratio
370 488 433 554 est,
459 496 540 555 quae
559 480 600 539 ad
614 478 840 555 expositionem
854 494 916 539 non
932 488 980 540 est
993 497 1169 544 accommo-

132 569 203 629 data
216 567 266 626 vel
280 573 406 640 propter
418 562 622 624 infirmitatem
635 564 692 622 vet
699 570 826 637 propter
839 562 1013 623 vanitatem.
1044 566 1170 625 infirma

130 650 208 712 ratio
225 658 282 721 est,
299 664 378 724 quae
393 663 456 707 non
471 646 650 707 necessario
666 645 801 707 ostendit
815 644 857 706 ita
871 661 953 721 esse,
969 649 1170 722 quemadmo-

131 734 203 794 dum
218 731 394 807 expositum
409 739 465 805 cst,
481 731 564 789 velut
578 730 661 805 apud
675 728 828 790 Plautumz

311 813 444 876 meeum
454 816 604 887 aestiuare
614 814 650 873 oa
659 815 793 872 meritam
807 815 928 872 uastam

298 897 447 974 ⁸Immune
457 904 500 957 est
506 897 638 970 facinus,
660 912 760 955 amum
771 896 802 953 iu
813 902 909 954 aetate
918 898 989 956 uteie

312 981 353 1040 Et
362 980 552 1040 conducibile.

129 1065 213 1125 Haec
229 1062 383 1137 expositio
399 1071 455 1123 est.
486 1060 667 1133 Videamus
683 1076 763 1135 quae
776 1058 853 1121 ratio
868 1061 1038 1121 adferatur:

319 1162 390 1207 uam
401 1162 455 1220 epo
469 1150 595 1205 amicum
607 1146 694 1204 toda
704 1160 799 1204 meum

314 1229 884 1303 Concastipaboproaommeritauouia.

128 1311 176 1369 Ex
190 1327 239 1383 eo,
262 1312 346 1386 quod
360 1310 429 1384 ipse
444 1312 580 1370 facturus
596 1319 652 1383 est,
673 1326 736 1370 non
751 1326 791 1370 ex
806 1326 854 1383 eo,
870 1310 955 1385 quod
969 1307 1037 1368 fieri
1052 1326 1150 1371 conve

128 1392 180 1468 nit,
195 1392 268 1453 utile
284 1392 358 1469 quid
374 1393 422 1466 sit,
436 1392 642 1454 ratiocinatur.
669 1394 760 1453 Vana
772 1393 849 1454 ratio
865 1401 922 1467 est,
938 1408 1017 1469 quae
1032 1408 1073 1452 ex
1086 1394 1164 1455 falsa

129 1492 224 1537 causa
240 1484 368 1552 constat,
383 1477 443 1537 hoc
457 1477 566 1539 modo:
587 1479 683 1538 Amor
697 1474 862 1551 fugiendus
877 1493 938 1537 non
955 1486 1017 1538 est:
1039 1492 1164 1538 namen

128 1576 167 1622 eo
183 1560 346 1622 verissima
360 1559 497 1622 nascitur
511 1558 655 1621 amicitia.
687 1565 749 1621 Aut
762 1561 822 1621 hoc
836 1562 944 1623 modo:
965 1558 1163 1635 Philosophia

127 1641 253 1722 vitanda
273 1653 335 1705 est:
357 1645 457 1705 adfert
477 1641 558 1705 enim
579 1644 754 1708 socordiam
774 1653 866 1720 atque
887 1642 1047 1703 desidiam·
1087 1643 1163 1702 Nam

126 1726 186 1786 hae
206 1726 341 1788 rationes
357 1726 416 1788 nisi
432 1729 528 1789 falsae
543 1737 664 1801 essent,
690 1726 903 1803 expositiones
919 1742 1044 1802 quoque
1059 1741 1163 1785 earum

127 1825 218 1870 veras
234 1827 306 1871 esse
322 1813 546 1872 confiteremur.
577 1811 629 1873 36.
645 1813 781 1885 Itemque
793 1811 913 1869 infirma
922 1808 1000 1869 ratio
1014 1818 1070 1882 est,
1084 1825 1164 1883 quae

126 1907 188 1950 uon
204 1894 413 1954 necessariam
425 1909 550 1952 causam
561 1894 660 1951 adfert
671 1890 885 1964 expositionis,
900 1891 984 1949 velut
994 1891 1164 1951 Pacuvium
1274 1913 1275 1916 ¹

168 1975 332 2033 Fortunam
343 1979 481 2034 insortam
492 1992 554 2033 esse
564 1982 592 2032 et
601 1989 721 2032 caecam
732 1981 762 2031 et
770 1975 885 2031 brutam
893 1972 1050 2069 perhibeat
1056 1975 1164 2049 phito-

172 2137 313 2211 Saaoque
326 2138 439 2196 instare
452 2140 484 2198 iu
495 2136 612 2212 ptohaso
620 2136 805 2212 praedicant
814 2057 977 2211 iimitem,

168 2221 210 2279 Id
218 2236 275 2295 auo
287 2236 395 2280 saxum
406 2221 559 2297 impulerit
567 2220 810 2294 fors,eocadere
820 2223 984 2283 Fortunam
996 2231 1159 2286 autumant.
1274 2260 1276 2280 ι

170 2304 296 2365 Caecum
311 2304 347 2363 ob
360 2319 426 2364 eam
441 2322 504 2365 rem
525 2321 587 2365 esse
602 2307 725 2373 iterant,
745 2308 816 2378 qaia
835 2308 881 2366 m't
891 2315 1007 2382 ceruat,
1029 2325 1086 2383 quo
1099 2325 1163 2369 sese

781 2392 926 2464 applicet·
1274 2397 1276 2404 '

167 2471 313 2531 Insanum
328 2475 426 2529 autem
440 2472 534 2544 aium,
548 2474 619 2545 auia
636 2480 734 2548 atros,
750 2474 864 2532 incerta
878 2475 1079 2549 instabilisque
1094 2477 1139 2550 sit,

167 2552 305 2624 Brutum,
319 2556 390 2627 quia
402 2553 525 2628 dianam
539 2561 627 2628 atque
640 2555 796 2628 audianum
812 2564 939 2633 nequeat
952 2562 1159 2620 internoscere.
1274 2543 1275 2550 ἵ

173 2635 250 2695 Sum
262 2640 360 2696 autem
374 2637 429 2697 atii
438 2637 613 2713 philosophi,
628 2642 682 2713 qui
695 2646 800 2700 contra
810 2641 966 2713 fortunam
981 2652 1092 2717 nepam

167 2720 242 2781 Esse
256 2723 357 2792 ultam,
375 2720 431 2780 sed
445 2725 607 2781 temeritate
621 2739 671 2781 res
684 2737 783 2783 omues
796 2728 864 2799 rapi
876 2732 1041 2786 autumant.

166 2804 208 2866 Id
221 2807 316 2879 muais
330 2806 395 2864 aeri
405 2806 501 2865 simite
513 2822 576 2865 esse
589 2823 660 2867 usus
673 2822 781 2883 reapse
794 2811 981 2883 experiundo
995 2810 1105 2870 edocet.

174 2891 260 2951 Velut
276 2889 391 2951 Orestes
407 2890 492 2949 modo
506 2889 571 2961 fuit
583 2907 650 2962 rex,
663 2891 767 2962 factus
781 2893 933 2953 mendicus
947 2895 1032 2951 mado

166 2973 347 3045 Naufraaio.
368 2973 479 3049 Nempe
492 2989 564 3047 erpo
577 2974 611 3032 ia
618 2978 722 3047 fluctu,
734 2976 820 3034 haud
827 2974 910 3047 sorte
920 2974 1159 3047 sortuuaohtipit.

124 3055 201 3115 Nam
212 3051 553 3115 hiePacuviusinfirma
564 3055 684 3116 ratione
697 3056 799 3127 utitur,
809 3072 902 3129 quum
915 3055 957 3113 ait
968 3054 1073 3113 verius
1086 3072 1159 3116 esse
1274 3136 1276 3144 γ

124 3133 397 3209 temeritatequam
411 3141 534 3199 fortuna
548 3156 598 3199 ros
610 3141 687 3213 regi.
701 3141 777 3197 Nam
788 3145 920 3212 utraque
935 3136 1081 3212 opinione
1092 3140 1158 3213 phi-

126 3217 330 3290 losophorum
341 3220 407 3279 fieri
419 3224 528 3295 potuit,
536 3230 571 3281 ut
581 3222 618 3294 is,
627 3223 679 3297 qui
690 3237 746 3280 rex
757 3220 876 3292 fuisset,
884 3220 1045 3281 mendicus
1058 3224 1158 3282 faetus

127 3306 219 3358 esset.
250 3301 359 3359 XXIV.
376 3302 426 3361 37.
449 3306 524 3364 ltem
544 3305 664 3365 infirma
680 3304 756 3366 ratio
773 3311 834 3379 est,
856 3320 937 3378 quae
958 3305 1080 3365 videtur
1100 3322 1157 3380 pro

125 3381 245 3445 ratione
263 3383 392 3455 adferri,
414 3388 470 3446 sed
486 3387 565 3447 idem
582 3389 670 3462 dicit,
686 3389 769 3462 quod
785 3387 815 3447 in
832 3388 1028 3463 expositione
1044 3391 1159 3450 dictum
