2575 3892
344 199 461 259 LIBER
476 200 528 259 lV.
553 199 634 259 cAP.
650 206 771 261 32-33.
793 205 819 267 S·
835 206 957 265 Iti-45·
1124 205 1166 269 83

202 349 356 434 gippuipip
375 358 423 408 est
445 347 543 409 oratio
569 363 634 406 rem
656 347 827 421 simplicem
848 351 1013 428 adsumpta
1039 352 1170 415 clrcum-

68 436 77 455 ⁷
124 436 268 497 scribens
284 432 475 504 elocutione,
501 429 562 489 hoc
577 438 686 504 paeto=
712 428 869 504 Scipionis
883 435 1078 506 providentia
1091 437 1169 498 Kar·

123 518 261 592 thagints
284 531 363 589 opes
384 512 483 588 tregit.
518 513 595 572 Nam
609 512 675 584 hic,
702 511 763 571 nisi
778 512 908 572 ornandi
921 515 998 575 ratio
1016 521 1169 592 quaedam

124 608 213 662 esset
232 598 354 669 habita,
383 595 488 671 Scipio
510 595 611 671 potuit
632 604 663 656 et
681 593 839 670 Kurtlrago
862 596 1040 671 simpliciter
1060 604 1167 677 appel·

124 684 218 743 lari·

209 762 261 824 442
280 761 513 847 muggressjo
517 770 573 835 est,
590 777 671 836 quae
684 761 850 822 verborum
861 763 1019 836 perturbat
1030 765 1168 828 ordinem

125 845 329 925 perversione
344 844 638 907 aut‘transiectione.
673 844 883 918 Perversione,
909 846 970 906 sic:
995 846 1063 908 Hoc
1078 849 1168 910 vobis

127 934 207 993 deos
223 930 410 990 immortales
425 927 558 989 arbitror
570 928 697 987 dedisse
711 927 827 1003 pietate
842 943 899 1004 pro
915 937 1029 991 vestra.
1043 931 1168 1006 ,Trans-

115 1014 259 1099 ieetione
298 1013 359 1072 hoc
380 1012 491 1070 modo=
517 1009 673 1072 instabilis
694 1010 724 1069 in
745 1011 839 1071 istum
861 1011 1023 1087 plurimum
1045 1006 1168 1074 fortuna

126 1060 378 1156 vaffiiff'iimnes
394 1094 550 1155 invidiose
565 1092 678 1167 eripuit
692 1092 743 1152 isti
756 1091 838 1153 bene
852 1090 979 1152 vivendi
993 1092 1111 1165 [casus]
1126 1094 1170 1153 Ia·

125 1182 269 1241 cultates.
283 1175 673 1249 Huiusmoditransiectio,
690 1191 770 1251 quae
785 1191 851 1235 rem
865 1189 927 1235 non
943 1176 1045 1236 reddit
1056 1177 1169 1236 obscu-

125 1281 207 1333 ram,
222 1261 350 1322 multum
364 1261 505 1336 proderit
519 1262 559 1320 ad
574 1259 840 1330 continuationes,
853 1258 894 1318 de
910 1257 1021 1334 quibus
1037 1267 1110 1320 ante
1125 1259 1167 1321 di·

126 1357 209 1408 ctum
224 1354 287 1417 est;
303 1344 335 1404 in
351 1345 463 1419 quibus
478 1351 604 1419 oportet
619 1345 715 1403 verba
727 1342 819 1404 sicuti
833 1344 873 1403 ad
890 1343 1046 1418 poedcum
1060 1359 1166 1417 quem·

127 1432 199 1490 dam
218 1437 381 1489 exstruere
395 1443 572 1499 numerum,
586 1435 622 1486 ut
637 1430 776 1502 perfecte
792 1434 823 1486 et
837 1427 1079 1501 perpolitissime
1095 1444 1167 1501 pos·

128 1515 190 1572 sint
204 1528 276 1571 esse
289 1513 462 1571 absolutae.

209 1588 341 1647 XXXIII.
365 1588 537 1669 Supmlatio
553 1596 601 1646 est
615 1587 714 1647 oratio
737 1604 890 1662 superans
910 1591 1085 1666 veritatem,
1112 1594 1166 1654 ali-

131 1669 218 1731 cuius
241 1652 589 1743 augendi‘r'niii'dendive
612 1685 717 1730 causa.
752 1669 838 1731 Haec
858 1671 986 1734 sumitur
1000 1676 1168 1750 separatim

129 1763 183 1815 aut
198 1768 268 1812 cum
283 1750 523 1826 comparatione.
545 1750 737 1837 Qssffliitlb
753 1751 814 1813 sia:
838 1751 954 1825 Quodsi
970 1757 1167 1817 concordiam

128 1834 328 1897 retinebimus
343 1833 374 1894 in
389 1834 527 1907 civitate,
554 1824 676 1909 imperii
689 1833 930 1909 magnitudinem
945 1835 1022 1897 solis
1038 1845 1107 1899 ortu
1122 1848 1165 1900 at-

130 1936 191 1997 que
206 1934 322 1980 occasu
336 1918 505 1979 metiemur.
535 1918 609 1978 Cum
624 1917 855 1993 comparatione
870 1926 923 1979 aut
936 1935 955 1979 a
970 1919 1167 1982 similitudine

128 2011 181 2065 aut
202 2020 221 2063 a
242 2001 431 2078 praestantia
451 2001 618 2077 superlatio
641 2000 779 2062 sumitur.
821 2002 850 2061 A
870 2000 1083 2079 similitudine,
1104 2004 1164 2065 sic:

130 2089 267 2161 Corpore
287 2084 411 2146 niveum
426 2087 608 2157 candorem,
635 2092 766 2160 aspectu
779 2084 903 2159 igneum
917 2086 1059 2149 ardorem
1074 2090 1164 2148 adse-

130 2171 288 2245 quebatur.
320 2171 351 2229 A
364 2168 563 2244 praestantia,
577 2169 638 2228 hoc
653 2170 764 2229 modo:
780 2167 873 2228 Cuius
889 2185 943 2229 ore
958 2186 1059 2230 sermo
1075 2172 1165 2230 melle

130 2252 249 2313 dulcior
269 2251 454 2326 profluebat.
488 2253 607 2312 Eodem
627 2266 741 2326 genere
762 2257 810 2311 est
822 2250 898 2311 hoc:
924 2252 1038 2314 Tantus
1053 2262 1119 2313 erat
1132 2252 1164 2314 in

130 2336 222 2398 armis
237 2336 395 2410 splendor,
408 2341 443 2396 ut
456 2334 531 2396 solis
547 2336 648 2410 fulgor
663 2332 824 2395 obscurior
835 2334 999 2396 videretur.

194 2419 454 2503 ΧΙριρῌεριίρεει,
478 2435 573 2494 quum
586 2434 637 2477 res
653 2427 718 2479 tota
732 2432 830 2492 parva
844 2419 884 2478 de
899 2427 987 2493 parte
1001 2418 1163 2494 cognosci-

129 2512 176 2565 tur
184 2513 238 2566 aut
247 2505 287 2564 de
298 2502 366 2565 toto
378 2519 451 2579 pars
459 2547 534 2566 .....
542 2504 604 2583 „De
612 2499 864 2587 partetotunggic
879 2500 1070 2578 intelligitur:
1096 2503 1165 2563 Non

128 2587 198 2646 illae
211 2594 242 2645 te
256 2585 410 2660 nuptiales
424 2585 517 2646 tibiae
533 2582 599 2646 eius
615 2584 800 2646 matrimonii
815 2587 1074 2648 commonebant?
1087 2588 1164 2648 Nam

129 2670 177 2728 hic
198 2667 297 2727 omnis
319 2669 522 2728 sanctimonia
542 2669 718 2744 nuptiarum
737 2684 800 2727 uuo
815 2668 904 2743 siguo
920 2669 1062 2731 tibiarum
1077 2671 1164 2732 intel·
1265 2686 1266 2689 ’

129 2750 238 2824 ligitur.
248 2750 390 2831 „petato
399 2768 491 2828 ρῳῳ
506 2758 540 2812 ut
553 2751 581 2811 si
595 2750 666 2826 quis
681 2750 719 2824 ei,
736 2748 789 2825 qui
803 2751 947 2810 vestitum
961 2760 1014 2812 aut
1025 2761 1165 2813 ornatum
1235 2776 1239 2784 ·

131 2839 345 2905 sumptuosum
360 2841 508 2904 ostentet,
529 2832 624 2893 dicat:
651 2830 795 2892 Ostentas
809 2830 882 2890 mihi
898 2831 1021 2894 divitias
1036 2843 1066 2895 et
1079 2837 1164 2896 Iocu-

129 2916 229 2990 pletes
255 2912 365 2987 copias
385 2913 494 2975 iactas.
529 2912 651 3003 45·:⁶.⁸,b
668 2930 734 2995 uno
755 2913 926 2999 plurahoc
946 2915 1040 2977 modo
1055 2917 1164 2978 intelli-

129 3006 253 3075 gentur:
273 2996 377 3057 Poeno
394 2996 450 3059 luit
463 2995 621 3071 Hispanus
632 2992 757 3069 auxilio,
773 2990 829 3055 luit
838 2996 981 3059 immanis
991 2997 1042 3063 ille
1053 3001 1163 3063 Trans·

129 3083 266 3157 alpinus3
292 3079 425 3142 initalia
446 3095 573 3156 quoque
592 3096 746 3142 nonnemo
763 3078 861 3140 sensit
873 3079 955 3143 idem
969 3090 1102 3160 togatus.
1134 3088 1164 3147 A

128 3164 267 3243 pluribus
281 3181 377 3226 unum
392 3163 437 3225 sic
451 3163 642 3239 intelligetur:
655 3166 754 3225 Atrox
769 3163 927 3227 calamitas
941 3179 1071 3242 pectora
1081 3185 1163 3230 mae·

128 3265 197 3309 rore
218 3248 378 3323 pulsabat;
403 3248 509 3324 itaque
532 3249 681 3310 anhelans
705 3263 744 3307 ex
768 3246 838 3308 imis
863 3251 1062 3323 pulmonibus
1087 3268 1163 3327 prae

130 3350 202 3394 cura
217 3329 343 3407 spiritus
359 3331 537 3392 ducebatur.
559 3332 635 3394 Nam
650 3331 680 3392 in
697 3329 858 3407 superiore
872 3334 978 3408 plures
988 3334 1119 3409 HIspani
1133 3340 1164 3388 et

131 3414 205 3475 Galli
220 3424 249 3475 et
263 3413 368 3490 togati,
383 3422 414 3475 et
427 3413 477 3475 hic
490 3431 585 3475 unum
598 3424 709 3491 pectus
720 3422 752 3477 et
761 3429 842 3474 unus
854 3417 961 3549 pultem>
972 3413 1162 3481 intelligitura
