2575 3892
113 173 155 237 86
444 169 498 228 ΑΙ)
521 168 553 226 C.
576 167 806 229 HERENNIUM

113 323 211 383 vitare
232 320 385 379 debeant?
408 315 641 389 Recordamini,
668 332 748 391 quos
769 314 938 376 habueritis
953 315 1160 390 defensorem

115 404 344 467 studiosorum
370 401 459 461 vobis
480 407 551 460 ante
573 401 682 460 oculus
708 398 887 475 proponite,
914 398 1027 459 deinde
1052 401 1159 465 exitus

115 486 250 549 omnium
267 484 469 546 considerate.
504 483 580 543 Tum
594 481 685 543 vobis
700 480 805 542 veniat
817 482 848 540 in
862 489 1011 557 mentem,
1033 492 1068 544 ut
1082 501 1161 547 vere

115 571 230 643 dicam,
257 567 442 643 negligentia
461 574 565 627 vestra
586 566 653 625 sive
673 563 797 640 ignavia
817 564 921 640 potius
948 566 1019 627 illos
1047 583 1159 630 omnes

114 663 185 715 ante
201 653 310 713 ocutos
324 660 447 712 vestros
463 649 631 711 trucidatos
647 663 735 722 esse,
761 647 903 709 inimicos
918 666 1027 710 eorum
1041 653 1159 712 vestris

115 734 272 811 suffragiis
284 733 313 794 in
324 733 547 810 amplissimum
556 732 658 793 locum
671 729 863 806 pervenisse.
886 732 977 793 ltem=
992 734 1067 794 Nam
1080 736 1161 811 quid

114 821 185 892 tuit,
210 818 345 891 iudices,
372 832 467 892 quare
487 816 519 875 in
540 813 701 876 sententiis
722 813 860 875 terendis
876 815 1090 879 dubitaveritis
1102 828 1161 878 aut

114 903 208 964 istum
221 901 375 963 hominem
389 899 540 961 netarium
551 898 792 973 ampliaveritist
804 914 867 958 non
878 900 1092 979 apertissimae
1102 918 1158 962 res

116 994 203 1047 erant
225 983 342 1046 crimini
358 984 470 1046 dataet
494 1000 557 1045 non
572 998 680 1043 omnes
695 982 754 1042 hae
769 982 899 1042 testibus
915 986 1159 1059 comprobatae?

114 1087 178 1129 non
199 1076 305 1129 contra
324 1068 455 1129 tenuiter
470 1076 500 1127 et
514 1065 674 1140 nugatorie
688 1073 896 1142 responsum?
921 1065 978 1127 Hic
991 1083 1051 1128 vos
1067 1068 1158 1128 veriti

115 1151 208 1222 estis,
224 1150 252 1209 si
267 1149 365 1225 primo
381 1158 472 1212 coetu
487 1149 770 1222 condemnassetis,
786 1166 825 1208 ne
839 1150 982 1210 crudeles
999 1150 1157 1211 existima-

113 1231 245 1292 remini?
266 1233 346 1292 Dum
360 1250 429 1292 cam
442 1231 562 1292 vitastis
579 1231 848 1308 vituperationem,
866 1249 945 1308 quae
961 1235 1052 1309 longe
1065 1252 1085 1295 a
1099 1252 1158 1295 vo·

114 1316 163 1375 bis
179 1321 245 1375 erat
259 1315 395 1388 afutura,
412 1331 480 1375 eam
494 1314 666 1388 invenistis,
680 1322 714 1376 ut
727 1314 824 1376 timidi
839 1326 932 1392 atque
947 1315 1048 1391 ignavi
1062 1326 1158 1391 puta-

114 1404 233 1464 remini.
249 1404 399 1465 Maximus
416 1405 554 1480 privatas
570 1414 601 1466 et
615 1406 752 1481 publicas
768 1406 958 1466 calamitates
971 1402 1158 1477 accepistis;

117 1505 212 1564 quum
235 1489 327 1549 etiarn
340 1489 474 1550 maiores
490 1490 670 1564 impendere
683 1490 860 1561 videantur,
885 1488 1002 1547 sedetis
1023 1493 1055 1546 et
1076 1486 1158 1545 osei-

115 1572 231 1632 tarnini.
256 1572 331 1632 Luci
345 1582 477 1646 noctem,
494 1581 586 1638 noete
602 1575 702 1634 lucem
720 1572 919 1648 exspectatis.
939 1568 1068 1644 Aliquid
1080 1568 1157 1628 coti-

117 1657 168 1716 die
182 1655 286 1717 acerbi
306 1665 400 1732 atque
416 1658 603 1719 incommodi
617 1657 773 1718 nuntiatur
786 1664 818 1717 et
834 1663 937 1716 tamen
958 1670 1044 1725 eum,
1068 1653 1155 1712 cuius

118 1757 216 1815 opera
231 1741 319 1801 nobis
334 1743 413 1802 haec
427 1742 584 1815 accidunt,
606 1758 663 1802 vos
679 1740 875 1802 remoramini
892 1738 1007 1799 diutius
1023 1745 1055 1797 et
1076 1736 1156 1797 alitis

117 1826 157 1883 ad
169 1823 214 1882 rei
228 1825 370 1898 publicae
381 1826 549 1898 perniciem
561 1833 591 1885 et
602 1825 749 1894 retinetis,
764 1824 869 1899 quoad
880 1820 1021 1898 potestis,
1037 1821 1068 1880 in
1084 1819 1156 1880 civi·

118 1914 203 1966 tate?
230 1908 377 1968 XXXVII.
399 1905 451 1968 ta.
466 1907 632 1981 Eiusmodi
653 1906 828 1985 licentiamsi
853 1907 979 1968 nimium
1004 1908 1156 1968 videbitur

119 1989 305 2049 acrimoniae
318 1980 814 2073 habere-multis}mitigationibus
830 1990 975 2062 temetum
999 2008 1068 2052 nam
1083 2007 1157 2050 con-

117 2071 204 2132 tinuo
229 2071 345 2146 aliquid
365 2068 821 2134 huiusmodr‘nceolt'interre
847 2073 909 2135 Hic
931 2068 1155 2150 egb''virtutem
1253 2116 1254 2127 ι

118 2164 254 2215 vestram
269 2169 401 2230 quaero,
428 2157 609 2231 sapientiam
624 2156 786 2230 desidero,
808 2168 944 2219 veterem
959 2158 1156 2219 consuetudi-

119 2255 189 2297 nem
204 2238 338 2314 requiro.
372 2240 461 2313 Quod
476 2240 534 2301 erit
547 2249 733 2321 commotum
748 2241 887 2316 licentia,
907 2242 941 2302 id
955 2244 1156 2304 constituetur

119 2323 219 2398 laude,
235 2332 268 2385 ut
281 2324 440 2384 attereres
455 2324 493 2384 ab
508 2323 668 2385 iracundia
682 2333 712 2386 et
725 2325 867 2389 molestia
879 2333 1045 2400 removeat,
1061 2328 1157 2386 altera

117 2423 169 2465 res
184 2407 223 2465 ab
237 2416 337 2467 errato
353 2409 514 2467 deterreat.
551 2408 635 2468 llaec
649 2425 716 2482 res,
738 2408 818 2469 sicut
830 2408 862 2468 in
877 2409 1023 2485 amicitia,
1037 2410 1109 2469 item
1124 2409 1156 2468 in

118 2488 250 2547 dicendo
289 2488 316 2547 si
331 2490 400 2551 loco
416 2491 464 2561 tit,
485 2490 618 2552 maxime
632 2491 719 2565 lacit,
741 2499 775 2552 ut
790 2500 820 2553 et
834 2493 892 2567 itti,
914 2493 968 2569 qui
983 2492 1119 2563 audient,
1136 2508 1158 2550 a

117 2570 210 2644 culpa
223 2569 325 2631 absint
339 2579 369 2632 et
382 2589 457 2644 nos,
479 2572 694 2647 quidicimuS,
715 2574 805 2637 amici
819 2576 958 2652 ipsorum
973 2588 1004 2638 et
1017 2574 1155 2636 veritatis

119 2668 191 2714 esse
210 2653 379 2717 videamur.
413 2655 468 2716 Est
489 2664 590 2717 autem
611 2659 767 2733 quoddam
789 2676 887 2735 genus
912 2661 944 2721 in
965 2660 1096 2721 dicendo
1120 2657 1155 2716 ti-

119 2738 247 2812 centiae,
260 2739 344 2814 quod
358 2739 505 2801 astutiora
519 2741 638 2803 ratione
653 2752 856 2818 comparatur,
873 2762 967 2820 quum
981 2753 1034 2804 aut
1044 2743 1086 2804 ita
1101 2741 1156 2802 ob·

116 2821 273 2897 iurgamus
287 2839 359 2898 eos,
380 2823 433 2900 qui
447 2824 590 2898 audiunt,
613 2828 770 2899 quomodo
785 2826 846 2903 ipsi
861 2845 896 2889 se
911 2828 1038 2902 cupiunt
1053 2826 1156 2887 obiur-

116 2907 197 2979 gari,
225 2916 278 2968 aut
291 2906 340 2983 id,
366 2910 451 2984 quod
466 2908 580 2968 scimus
596 2908 686 2971 facile
702 2927 810 2973 omnes
824 2911 1000 2979 audituros,
1022 2908 1157 2967 dicimus

116 3002 175 3044 nos
190 2988 312 3063 timere,
328 2991 484 3071 quomodo
501 2991 669 3066 accipiant,
686 2994 743 3053 sed
757 2996 859 3052 tamen
874 2989 1001 3049 veritate
1017 2999 1156 3048 commo-
1253 3056 1254 3075 ἶ

115 3067 198 3138 veri,
223 3080 256 3130 nt
277 3071 371 3134 nihilo
395 3073 498 3134 secius
519 3075 667 3146 dicamus.
702 3077 818 3135 Horum
832 3073 991 3132 amborum
1003 3084 1156 3147 generum
1253 3084 1254 3099 ³

115 3154 258 3241 exempla
273 3154 481 3216 subiiciamus.
504 3156 627 3230 Prioris,
643 3155 835 3218 huiusmodi:
854 3155 993 3232 Nimium,
1010 3153 1155 3230 Quirites,

115 3245 224 3321 animis
246 3234 321 3291 estis
344 3236 534 3310 simplicibus
556 3249 586 3300 et
606 3239 790 3309 mansuetu,
818 3239 944 3302 nimium
958 3240 1084 3302 creditis
1099 3239 1155 3299 uni

115 3325 237 3400 curque.
270 3312 458 3404 E4xistimatis
473 3336 567 3380 unum
582 3336 736 3398 quemque
751 3321 839 3398 eniti,
854 3333 887 3385 ut
901 3325 1055 3401 perficiat,
1072 3336 1153 3398 quae

113 3389 203 3445 vobis
218 3392 373 3461 pollicitus
388 3397 437 3455 sit.
463 3399 578 3462 Erratis
593 3414 625 3463 et
639 3406 719 3464 latsa
732 3421 789 3481 spe
804 3407 918 3467 frustra
931 3407 1061 3477 iamdiu
1076 3405 1154 3466 deti-
