2575 3892
353 228 469 288 niens
484 229 544 299 iv.v
561 181 779 291 onnes-ss.
799 231 964 295 ‘sn-rs.
1131 227 1172 292 ss
1262 232 1263 235 ‘

128 380 312 452 delitescet,
328 374 591 452 potiusAtreust
628 376 677 436 Ex
698 379 868 451 contrario,
889 387 925 440 ut
945 380 973 441 si
988 379 1172 457 quempiam,
1262 372 1263 379 '

129 464 184 540 qui
199 472 320 539 patrem
334 460 519 532 verberarit,
535 463 673 537 Aeneam
686 476 852 536 vocemuS,
873 462 1128 538 intemperantem
1143 473 1174 526 et
1262 532 1263 537 γ

128 550 303 608 adulterum
322 545 527 620 Hippolytum
548 544 753 605 nominemus.
788 545 873 606 Haec
894 555 966 607 sunt
986 548 1079 626 lere,⁴
1092 565 1173 624 quae

129 631 265 692 dicenda
287 627 470 688 videbantur
485 629 524 686 de
540 628 706 688 verborum
720 628 985 689 exornationibus.
1020 630 1110 691 Nune
1120 649 1172 693 res
1262 666 1263 691 t

128 716 214 788 ipsa·
231 719 354 784 monet,
395 719 430 770 ut
456 710 607 786 deinceps
634 712 677 772 ad
705 712 926 773 sententiarum
954 714 1172 789 exornationes
1262 732 1263 735 ¹

130 808 338 859 transeamus.
600 808 602 811 ·

212 880 334 940 XXXV.
354 873 405 939 47.
421 876 599 955 Distributio
615 886 679 952 est,
695 893 790 954 quum
804 879 835 938 in
850 880 957 954 plures
971 895 1024 939 res
1039 885 1092 939 aut
1106 894 1174 954 per·
1262 904 1263 907 ¹

131 980 228 1025 sonas
243 961 367 1037 negotia
390 946 644 1036 qbsem‘rff‘eti'a
658 961 894 1038 dispertiuntur,
910 964 971 1023 hoe
986 964 1097 1024 modo:
1119 962 1176 1036 Qui
1262 960 1263 963 ’

132 1048 278 1119 vestrdm,
293 1045 423 1117 iudices,
440 1061 552 1105 nomen
568 1054 695 1107 senatus
710 1046 817 1122 diligit,
831 1047 913 1106 hunc
929 1047 1030 1108 oderit
1043 1062 1176 1106 necesse

131 1139 195 1201 est;
222 1127 468 1205 petulantissime
490 1129 572 1191 enim
592 1145 716 1205 semper
732 1129 795 1190 iste
817 1130 1009 1206 oppugnavit
1024 1138 1175 1191 senatum.

96 1288 100 1293 ¹
131 1214 188 1291 oui
204 1218 381 1292 equestrem
395 1214 499 1274 locum
514 1212 798 1288 splendidissimum
813 1213 898 1288 cupit
912 1230 983 1274 esse
998 1213 1176 1287 incivitate,

128 1305 157 1362 is
180 1308 266 1376 optet
281 1305 406 1375 oportet
420 1297 514 1357 istum
527 1295 680 1357 maximas
693 1314 816 1372 poenas
830 1298 972 1371 dedisse,
989 1314 1029 1357 ne
1043 1296 1103 1359 iste
1116 1302 1176 1357 'sua
1262 1354 1263 1363 ,

79 1412 80 1415 “
131 1382 319 1459 turpitudine
341 1382 442 1443 ordini
462 1379 683 1444 honestissimo
699 1383 840 1442 maculae
854 1388 948 1457 atque
963 1380 1111 1442 dedecori
1126 1380 1175 1440 sit.

131 1468 188 1540 Qui
206 1475 350 1542 parentes
364 1466 503 1539 bebetis,
526 1465 680 1527 ostendite
694 1465 785 1526 istius
800 1465 956 1539 supplicio
972 1465 1063 1524 vobis
1078 1463 1176 1523 horni-

134 1566 190 1609 nes
210 1550 325 1624 impios
345 1566 408 1608 non
429 1551 564 1622 placere·
600 1547 718 1620 Quibus
733 1549 821 1607 liberi
836 1555 916 1618 sunt,
933 1547 1057 1607 statuite
1071 1563 1175 1606 exem-

133 1635 233 1707 plum,
262 1639 397 1706 quantae
412 1647 534 1705 poenae
550 1629 656 1689 sintin
673 1629 795 1690 civitate
810 1629 986 1691 hominibus
1001 1629 1177 1692 istiusmodi
1262 1626 1263 1631 ’

134 1723 346 1790 comparatae.
379 1714 470 1772 item:
493 1712 627 1772 Senatus
649 1720 697 1772 est
716 1712 853 1773 officium
875 1712 1005 1774 consilio
1022 1712 1178 1774 civitatem
1262 1704 1263 1719 ³

134 1799 257 1869 iuvare;
272 1794 472 1871 magistratus
491 1801 541 1854 est
554 1793 691 1854 officium
702 1810 800 1869 opera
813 1803 843 1855 et
857 1795 1014 1868 diligentia
1026 1794 1178 1870 consequi

136 1890 262 1944 senatus
283 1881 489 1950 voluntatem,
514 1877 625 1954 populi
646 1886 694 1938 est
709 1876 846 1939 olfieium
859 1894 912 1938 res
928 1877 1061 1955 optimas
1077 1885 1108 1939 et
1122 1878 1177 1938 ho·

132 1965 232 2039 mines
252 1964 386 2024 idoneos
408 1962 541 2023 maxime
563 1961 628 2022 suis
652 1962 811 2023 sententiis
834 1960 969 2036 deligere
990 1968 1020 2023 et
1033 1962 1176 2038 probare.
1262 1964 1263 1975 ¹

132 2047 334 2111 Accusatoris
356 2046 494 2108 officium
508 2053 557 2107 est
570 2046 683 2106 inferre
698 2045 840 2117 crimina3
868 2045 1043 2107 defensoris
1059 2046 1177 2106 diluere
1262 2074 1263 2079 κ

134 2142 164 2193 ει
177 2134 378 2207 propulsare
404 2130 493 2191 testis
509 2129 629 2202 dicere,
656 2146 737 2205 quae
752 2128 830 2190 sciat
843 2138 896 2190 aut
910 2129 1054 2201 audierit;
1083 2146 1177 2204 quae·
1262 2128 1263 2149 ³

133 2214 237 2276 ‘sitoris
259 2225 308 2276 εει
327 2230 424 2275 unum
446 2230 601 2289 quemque
621 2213 731 2274 horum
752 2212 783 2272 in
798 2213 903 2273 oliicio
925 2231 982 2274 suo
1008 2212 1177 2275 continere.
1262 2280 1263 2283 Ἴ

134 2299 250 2372 Quare,
269 2299 304 2357 L.
321 2297 425 2371 Cassi,
446 2296 475 2357 si
489 2306 613 2369 testem,
634 2306 851 2373 praeterquam
866 2298 951 2372 quod
964 2296 1044 2358 sciat
1057 2306 1110 2358 aut
1124 2313 1177 2356 au-

134 2381 232 2457 dierit,
247 2379 453 2457 argumentari
468 2391 499 2442 et
513 2381 692 2444 coniectura
704 2380 856 2457 prosequi
870 2379 1006 2456 patieris,
1021 2379 1070 2440 ius
1086 2396 1177 2438 aceu-

135 2466 247 2533 satoris
269 2482 339 2526 cum
353 2465 420 2527 iure
434 2465 602 2528 testimonii
617 2464 850 2539 commiscetis,
875 2464 963 2526 testis
978 2463 1110 2540 improbi
1126 2479 1177 2525 eu-

134 2549 291 2625 piditatem
313 2549 527 2623 confirmabis,
552 2566 606 2610 reo
628 2549 784 2625 duplicem
805 2547 1020 2610 defensionem
1040 2546 1176 2623 parabis.

132 2637 186 2696 Est
201 2637 279 2697 haee
297 2633 458 2694 exornatio
475 2634 614 2708 copiosa.
637 2633 876 2708 comprehendit
890 2631 972 2693 enim
986 2631 1073 2691 brevi
1084 2631 1178 2690 multa

135 2725 165 2774 ει
195 2732 286 2775 suum
316 2717 430 2790 cuique
460 2716 601 2776 tribuens
632 2716 769 2777 silicium
800 2716 966 2791 separatim
990 2726 1041 2773 res
1070 2713 1179 2774 dividit
1262 2742 1263 2783 3

138 2798 254 2871 plures.
1262 2822 1263 2833 ι

214 2878 349 2940 XXXVI.
371 2877 423 2941 le.
434 2879 577 2961 Licentia
574 2889 653 2961 pst,
670 2894 764 2954 quum
778 2881 862 2954 apud
877 2896 948 2952 eos,
965 2895 1044 2952 quos
1060 2885 1112 2938 aut
1124 2892 1177 2935 ve-

138 2956 200 3017 reri
220 2966 273 3017 aut
290 2965 429 3019 metuere
449 2956 612 3030 debemus,
634 2968 737 3019 tamen
757 2961 873 3034 aliquid
894 2977 951 3035 pro
977 2961 1044 3020 iure
1070 2966 1178 3020 nostro
1262 2966 1263 2971 ’

139 3040 283 3114 dicimus,
301 3060 363 3117 quo
386 3058 442 3102 eos
464 3048 518 3102 aut
539 3043 660 3115 quosii
682 3042 812 3118 diligunt
832 3045 937 3119 aliquo
956 3042 988 3104 in
1008 3050 1108 3103 errato
1126 3060 1178 3103 ve-

137 3140 172 3185 re
190 3126 421 3201 reprehendere
444 3124 617 3200 videamur,
639 3126 700 3188 hoe
714 3129 826 3193 modo:
853 3128 1020 3201 Miramini,
1036 3127 1177 3202 Quirites,
1262 3176 1263 3191 1

140 3210 225 3284 quod
245 3210 283 3270 ab
304 3209 448 3270 omnibus
469 3217 595 3271 vestrae
617 3211 755 3273 rationes
778 3213 976 3286 deserantur,
1001 3213 1085 3287 quod
1106 3228 1178 3282 cau·
1262 3244 1263 3263 2

139 3308 204 3352 sam
224 3301 363 3354 vestram
381 3311 472 3355 nemo
495 3295 661 3370 suscipiat,
683 3297 769 3371 quod
790 3313 826 3358 se
845 3313 937 3357 nemo
955 3295 1052 3357 vestri
1074 3295 1179 3381 delen-

140 3392 243 3438 sorem
263 3378 467 3452 profiteatur?
494 3379 529 3438 ld
549 3379 675 3443 tribuite
694 3387 820 3441 vestrae
832 3383 951 3456 eulpae,
974 3376 1178 3438 desinite-nn-
1262 3426 1263 3429 ,

139 3460 210 3519 rari.
244 3461 320 3532 Quid
337 3471 385 3523 est
400 3463 496 3534 enim,
520 3479 692 3538 querenon
709 3480 817 3525 omnes
832 3464 923 3524 istam
939 3477 1004 3521 rem
1019 3459 1128 3524 lugere
1142 3459 1180 3501 ae
1262 3544 1263 3549 ἵ
