<?xml version="1.0" encoding="UTF-8"?>
<!DOCTYPE html PUBLIC "-//W3C//DTD XHTML 1.0 Transitional//EN"
    "http://www.w3.org/TR/xhtml1/DTD/xhtml1-transitional.dtd">
<html xmlns="http://www.w3.org/1999/xhtml" xml:lang="en" lang="en">
 <head>
  <title>
</title>
<meta http-equiv="Content-Type" content="text/html;charset=utf-8" />
  <meta name='ocr-system' content='tesseract 3.04.00' />
  <meta name='ocr-capabilities' content='ocr_page ocr_carea ocr_par ocr_line ocrx_word'/>
</head>
<body>
  <div class='ocr_page' id='page_1' title='image "./mtulliiciceroni00friegoog/mtulliiciceroni00friegoog_0024.png"; bbox 0 0 2575 3892; ppageno 0'>
   <div class='ocr_carea' id='block_1_1' title="bbox 15 568 34 603">
    <p class='ocr_par' dir='ltr' id='par_1_1' title="bbox 15 568 34 603">
     <span class='ocr_line' id='line_1_1' title="bbox 15 568 34 603; baseline 0 0"><span class='ocrx_word' id='word_1_1' title='bbox 15 568 34 603; x_wconf 74' lang='lat' dir='ltr'>›l</span> 
     </span>
    </p>
   </div>
   <div class='ocr_carea' id='block_1_2' title="bbox 148 139 856 220">
    <p class='ocr_par' dir='ltr' id='par_1_2' title="bbox 148 139 856 220">
     <span class='ocr_line' id='line_1_2' title="bbox 148 139 856 220; baseline -0.041 0"><span class='ocrx_word' id='word_1_2' title='bbox 148 173 230 220; x_wconf 80' lang='lat' dir='ltr'>xvm</span> <span class='ocrx_word' id='word_1_3' title='bbox 484 144 675 199; x_wconf 81' lang='lat' dir='ltr'>PROOEMIUM</span> <span class='ocrx_word' id='word_1_4' title='bbox 693 139 856 194; x_wconf 83' lang='lat' dir='ltr'><strong>EDITORIS.</strong></span> 
     </span>
    </p>
   </div>
   <div class='ocr_carea' id='block_1_3' title="bbox 63 291 1280 570">
    <p class='ocr_par' dir='ltr' id='par_1_3' title="bbox 63 291 1280 570">
     <span class='ocr_line' id='line_1_3' title="bbox 63 291 1194 369; baseline -0.019 -6"><span class='ocrx_word' id='word_1_5' title='bbox 63 320 64 323; x_wconf 78' lang='grc'>’</span> <span class='ocrx_word' id='word_1_6' title='bbox 149 327 172 361; x_wconf 90' lang='lat' dir='ltr'>c.</span> <span class='ocrx_word' id='word_1_7' title='bbox 186 307 231 360; x_wconf 81' lang='grc'>33.</span> <span class='ocrx_word' id='word_1_8' title='bbox 250 307 276 369; x_wconf 67' lang='lat'>§-</span> <span class='ocrx_word' id='word_1_9' title='bbox 294 304 356 358; x_wconf 86' lang='lat'>1⁰1.</span> <span class='ocrx_word' id='word_1_10' title='bbox 380 301 472 366; x_wconf 80' lang='lat' dir='ltr'>scripsi</span> <span class='ocrx_word' id='word_1_11' title='bbox 493 315 551 349; x_wconf 91' lang='lat' dir='ltr'>cum</span> <span class='ocrx_word' id='word_1_12' title='bbox 573 297 644 348; x_wconf 87' lang='lat' dir='ltr'>libris</span> <span class='ocrx_word' id='word_1_13' title='bbox 667 301 766 344; x_wconf 87' lang='lat' dir='ltr'>tautum</span> <span class='ocrx_word' id='word_1_14' title='bbox 789 309 840 343; x_wconf 91' lang='lat' dir='ltr'>nou</span> <span class='ocrx_word' id='word_1_15' title='bbox 864 293 999 342; x_wconf 80' lang='lat' dir='ltr'>omnibus:</span> <span class='ocrx_word' id='word_1_16' title='bbox 1024 291 1090 340; x_wconf 86' lang='lat' dir='ltr'>Loci</span> <span class='ocrx_word' id='word_1_17' title='bbox 1112 298 1194 341; x_wconf 82' lang='lat' dir='ltr'>autem</span> 
     </span>
     <span class='ocr_line' id='line_1_4' title="bbox 66 366 1195 435; baseline -0.019 -4"><span class='ocrx_word' id='word_1_18' title='bbox 66 374 67 377; x_wconf 30' lang='lat'>¹</span> <span class='ocrx_word' id='word_1_19' title='bbox 127 368 289 429; x_wconf 38' lang='lat' dir='ltr'>&#39;emmrucnoeu</span> <span class='ocrx_word' id='word_1_20' title='bbox 312 371 482 435; x_wconf 70' lang='lat' dir='ltr'>accusatura,</span> <span class='ocrx_word' id='word_1_21' title='bbox 505 366 739 431; x_wconf 72' lang='lat' dir='ltr'>inconsummatus,</span> <span class='ocrx_word' id='word_1_22' title='bbox 764 371 790 412; x_wconf 85' lang='lat' dir='ltr'>et</span> <span class='ocrx_word' id='word_1_23' title='bbox 811 368 981 428; x_wconf 69' lang='lat' dir='ltr'>paunteau,</span> <span class='ocrx_word' id='word_1_24' title='bbox 1003 367 1032 408; x_wconf 91' lang='lat' dir='ltr'>ut</span> <span class='ocrx_word' id='word_1_25' title='bbox 1054 374 1119 409; x_wconf 80' lang='lat' dir='ltr'>unua</span> <span class='ocrx_word' id='word_1_26' title='bbox 1135 367 1195 424; x_wconf 90' lang='lat' dir='ltr'>post</span> 
     </span>
     <span class='ocr_line' id='line_1_5' title="bbox 70 427 1194 510; baseline -0.02 -11"><span class='ocrx_word' id='word_1_27' title='bbox 70 434 74 479; x_wconf 8' lang='grc' dir='ltr'>Ἴ·</span> <span class='ocrx_word' id='word_1_28' title='bbox 149 445 323 510; x_wconf 74' lang='lat' dir='ltr'>comisatoris,</span> <span class='ocrx_word' id='word_1_29' title='bbox 347 443 413 491; x_wconf 83' lang='lat' dir='ltr'>atter</span> <span class='ocrx_word' id='word_1_30' title='bbox 434 444 493 504; x_wconf 88' lang='lat' dir='ltr'>post</span> <span class='ocrx_word' id='word_1_31' title='bbox 510 445 535 488; x_wconf 86' lang='lat' dir='ltr'>et</span> <span class='ocrx_word' id='word_1_32' title='bbox 551 437 629 501; x_wconf 86' lang='lat' dir='ltr'>vulgo</span> <span class='ocrx_word' id='word_1_33' title='bbox 651 434 797 483; x_wconf 87' lang='lat' dir='ltr'>adiunctum</span> <span class='ocrx_word' id='word_1_34' title='bbox 815 445 921 495; x_wconf 89' lang='lat' dir='ltr'>prorsus</span> <span class='ocrx_word' id='word_1_35' title='bbox 938 430 1094 494; x_wconf 87' lang='lat' dir='ltr'>omitterem,</span> <span class='ocrx_word' id='word_1_36' title='bbox 1122 427 1194 478; x_wconf 85' lang='lat' dir='ltr'>salva</span> 
     </span>
     <span class='ocr_line' id='line_1_6' title="bbox 149 499 1280 570; baseline -0.019 -5"><span class='ocrx_word' id='word_1_37' title='bbox 149 514 281 566; x_wconf 84' lang='lat' dir='ltr'>sententia.</span> <span class='ocrx_word' id='word_1_38' title='bbox 309 528 332 565; x_wconf 86' lang='lat' dir='ltr'>c.</span> <span class='ocrx_word' id='word_1_39' title='bbox 347 506 391 562; x_wconf 74' lang='grc'>89.</span> <span class='ocrx_word' id='word_1_40' title='bbox 410 509 437 570; x_wconf 67' lang='grc'>1.</span> <span class='ocrx_word' id='word_1_41' title='bbox 456 504 516 558; x_wconf 82' lang='lat'>115.</span> <span class='ocrx_word' id='word_1_42' title='bbox 532 504 696 569; x_wconf 76' lang='lat' dir='ltr'><strong>transposui,</strong></span> <span class='ocrx_word' id='word_1_43' title='bbox 713 502 749 549; x_wconf 89' lang='lat' dir='ltr'>ita</span> <span class='ocrx_word' id='word_1_44' title='bbox 763 500 800 548; x_wconf 87' lang='lat' dir='ltr'>uli</span> <span class='ocrx_word' id='word_1_45' title='bbox 819 500 878 548; x_wconf 86' lang='lat' dir='ltr'>libri</span> <span class='ocrx_word' id='word_1_46' title='bbox 893 499 994 562; x_wconf 89' lang='lat' dir='ltr'>iubent,</span> <span class='ocrx_word' id='word_1_47' title='bbox 1012 499 1103 547; x_wconf 79' lang='lat' dir='ltr'>rerba:</span> <span class='ocrx_word' id='word_1_48' title='bbox 1124 503 1194 547; x_wconf 87' lang='lat' dir='ltr'>etse</span> <span class='ocrx_word' id='word_1_49' title='bbox 1278 516 1280 553; x_wconf 53' lang='lat' dir='ltr'>r</span> 
     </span>
    </p>
   </div>
   <div class='ocr_carea' id='block_1_4' title="bbox 145 566 1280 712">
    <p class='ocr_par' dir='ltr' id='par_1_4' title="bbox 145 566 1280 712">
     <span class='ocr_line' id='line_1_7' title="bbox 145 566 1279 648; baseline -0.019 -14"><span class='ocrx_word' id='word_1_50' title='bbox 145 585 256 648; x_wconf 83' lang='lat' dir='ltr'>pretium</span> <span class='ocrx_word' id='word_1_51' title='bbox 281 596 331 632; x_wconf 90' lang='lat' dir='ltr'>non</span> <span class='ocrx_word' id='word_1_52' title='bbox 350 593 400 643; x_wconf 84' lang='lat' dir='ltr'>pro</span> <span class='ocrx_word' id='word_1_53' title='bbox 417 574 555 640; x_wconf 64' lang='lat' dir='ltr'>fucto&#39;etc.</span> <span class='ocrx_word' id='word_1_54' title='bbox 574 587 621 638; x_wconf 90' lang='lat' dir='ltr'>pro</span> <span class='ocrx_word' id='word_1_55' title='bbox 636 571 757 634; x_wconf 79' lang='lat' dir='ltr'>vulgato:</span> <span class='ocrx_word' id='word_1_56' title='bbox 784 575 918 618; x_wconf 76' lang='lat' dir='ltr'>essenon</span> <span class='ocrx_word' id='word_1_57' title='bbox 931 569 1041 633; x_wconf 78' lang='lat' dir='ltr'>pretium</span> <span class='ocrx_word' id='word_1_58' title='bbox 1057 580 1107 628; x_wconf 83' lang='lat' dir='ltr'>pro</span> <span class='ocrx_word' id='word_1_59' title='bbox 1122 566 1194 629; x_wconf 72' lang='lat' dir='ltr'>sueto</span> <span class='ocrx_word' id='word_1_60' title='bbox 1278 620 1279 627; x_wconf 9' lang='grc' dir='ltr'>ἵ</span> 
     </span>
     <span class='ocr_line' id='line_1_8' title="bbox 149 636 1280 712; baseline -0.021 -8"><span class='ocrx_word' id='word_1_61' title='bbox 149 660 196 702; x_wconf 86' lang='lat' dir='ltr'>etc.</span> <span class='ocrx_word' id='word_1_62' title='bbox 239 667 261 703; x_wconf 91' lang='lat' dir='ltr'>c.</span> <span class='ocrx_word' id='word_1_63' title='bbox 283 648 327 702; x_wconf 84' lang='lat'>41.</span> <span class='ocrx_word' id='word_1_64' title='bbox 349 650 374 712; x_wconf 78' lang='lat' dir='ltr'>s.</span> <span class='ocrx_word' id='word_1_65' title='bbox 394 642 455 698; x_wconf 78' lang='lat'>137.</span> <span class='ocrx_word' id='word_1_66' title='bbox 479 646 504 693; x_wconf 81' lang='lat' dir='ltr'>ri</span> <span class='ocrx_word' id='word_1_67' title='bbox 525 644 557 693; x_wconf 88' lang='lat' dir='ltr'>de</span> <span class='ocrx_word' id='word_1_68' title='bbox 579 643 610 691; x_wconf 82' lang='lat' dir='ltr'>iis</span> <span class='ocrx_word' id='word_1_69' title='bbox 633 640 695 689; x_wconf 78' lang='lat' dir='ltr'>locis</span> <span class='ocrx_word' id='word_1_70' title='bbox 714 643 760 689; x_wconf 86' lang='lat' dir='ltr'>eto.</span> <span class='ocrx_word' id='word_1_71' title='bbox 784 637 875 700; x_wconf 79' lang='lat' dir='ltr'>scripsi</span> <span class='ocrx_word' id='word_1_72' title='bbox 897 650 943 700; x_wconf 89' lang='lat' dir='ltr'>pro</span> <span class='ocrx_word' id='word_1_73' title='bbox 969 639 1001 684; x_wconf 85' lang='lat' dir='ltr'>de</span> <span class='ocrx_word' id='word_1_74' title='bbox 1025 636 1057 684; x_wconf 81' lang='lat' dir='ltr'>iic</span> <span class='ocrx_word' id='word_1_75' title='bbox 1080 636 1141 684; x_wconf 76' lang='lat' dir='ltr'>iouia</span> <span class='ocrx_word' id='word_1_76' title='bbox 1162 649 1195 683; x_wconf 87' lang='lat' dir='ltr'>ex</span> <span class='ocrx_word' id='word_1_77' title='bbox 1278 670 1280 675; x_wconf 63' lang='grc'><strong><em>,</em></strong></span> 
     </span>
    </p>
   </div>
   <div class='ocr_carea' id='block_1_5' title="bbox 150 702 1195 786">
    <p class='ocr_par' dir='ltr' id='par_1_5' title="bbox 150 702 1195 786">
     <span class='ocr_line' id='line_1_9' title="bbox 150 702 1195 786; baseline -0.019 -15"><span class='ocrx_word' id='word_1_78' title='bbox 150 720 252 786; x_wconf 88' lang='lat' dir='ltr'>optimis</span> <span class='ocrx_word' id='word_1_79' title='bbox 270 720 351 770; x_wconf 90' lang='lat' dir='ltr'>libris.</span> <span class='ocrx_word' id='word_1_80' title='bbox 378 731 400 768; x_wconf 90' lang='lat' dir='ltr'>c.</span> <span class='ocrx_word' id='word_1_81' title='bbox 420 721 504 764; x_wconf 88' lang='lat' dir='ltr'>autem</span> <span class='ocrx_word' id='word_1_82' title='bbox 522 708 566 762; x_wconf 83' lang='lat'>49.</span> <span class='ocrx_word' id='word_1_83' title='bbox 584 711 609 771; x_wconf 84' lang='lat'>§.</span> <span class='ocrx_word' id='word_1_84' title='bbox 629 702 691 758; x_wconf 80' lang='lat'>147.</span> <span class='ocrx_word' id='word_1_85' title='bbox 709 708 746 755; x_wconf 84' lang='lat' dir='ltr'>uti</span> <span class='ocrx_word' id='word_1_86' title='bbox 761 707 873 756; x_wconf 68' lang='lat' dir='ltr'>sanemus</span> <span class='ocrx_word' id='word_1_87' title='bbox 891 712 938 754; x_wconf 85' lang='lat' dir='ltr'>etc.</span> <span class='ocrx_word' id='word_1_88' title='bbox 957 718 1003 768; x_wconf 87' lang='lat' dir='ltr'>pro</span> <span class='ocrx_word' id='word_1_89' title='bbox 1020 718 1068 766; x_wconf 81' lang='lat' dir='ltr'>quo</span> <span class='ocrx_word' id='word_1_90' title='bbox 1084 704 1195 753; x_wconf 77' lang='lat' dir='ltr'>sanetius</span> 
     </span>
    </p>
   </div>
   <div class='ocr_carea' id='block_1_6' title="bbox 150 770 1280 839">
    <p class='ocr_par' dir='ltr' id='par_1_6' title="bbox 150 770 1280 839">
     <span class='ocr_line' id='line_1_10' title="bbox 150 770 1280 839; baseline -0.019 0"><span class='ocrx_word' id='word_1_91' title='bbox 150 805 184 839; x_wconf 83' lang='lat' dir='ltr'>ex</span> <span class='ocrx_word' id='word_1_92' title='bbox 207 789 278 839; x_wconf 91' lang='lat' dir='ltr'>libris</span> <span class='ocrx_word' id='word_1_93' title='bbox 301 793 398 838; x_wconf 88' lang='lat' dir='ltr'>tantum</span> <span class='ocrx_word' id='word_1_94' title='bbox 420 796 471 832; x_wconf 89' lang='lat' dir='ltr'>nou</span> <span class='ocrx_word' id='word_1_95' title='bbox 495 779 622 830; x_wconf 81' lang='lat' dir='ltr'>omnibns.</span> <span class='ocrx_word' id='word_1_96' title='bbox 652 770 858 836; x_wconf 78' lang='lat' dir='ltr'>c.50.§.148.</span> <span class='ocrx_word' id='word_1_97' title='bbox 884 787 928 822; x_wconf 85' lang='lat' dir='ltr'>cur</span> <span class='ocrx_word' id='word_1_98' title='bbox 945 772 1070 834; x_wconf 82' lang='lat' dir='ltr'><strong><em>inductae,</em></strong></span> <span class='ocrx_word' id='word_1_99' title='bbox 1089 787 1139 820; x_wconf 87' lang='lat' dir='ltr'>non</span> <span class='ocrx_word' id='word_1_100' title='bbox 1157 773 1196 820; x_wconf 86' lang='lat' dir='ltr'>in·</span> <span class='ocrx_word' id='word_1_101' title='bbox 1278 796 1280 820; x_wconf 74' lang='lat'>1</span> 
     </span>
    </p>
   </div>
   <div class='ocr_carea' id='block_1_7' title="bbox 149 835 1280 1058">
    <p class='ocr_par' dir='ltr' id='par_1_7' title="bbox 149 835 1280 1058">
     <span class='ocr_line' id='line_1_11' title="bbox 150 835 1280 920; baseline -0.02 -11"><span class='ocrx_word' id='word_1_102' title='bbox 150 858 236 918; x_wconf 81' lang='lat' dir='ltr'>dulce,</span> <span class='ocrx_word' id='word_1_103' title='bbox 260 855 416 920; x_wconf 79' lang='lat' dir='ltr'>scripserim,</span> <span class='ocrx_word' id='word_1_104' title='bbox 442 851 594 900; x_wconf 87' lang='lat' dir='ltr'>dictumest</span> <span class='ocrx_word' id='word_1_105' title='bbox 616 843 650 894; x_wconf 88' lang='lat' dir='ltr'>ad</span> <span class='ocrx_word' id='word_1_106' title='bbox 676 835 1081 905; x_wconf 75' lang='lat' dir='ltr'>ltb.&#39;aac.11er.1‚1s,23.</span> <span class='ocrx_word' id='word_1_107' title='bbox 1109 855 1132 891; x_wconf 87' lang='lat' dir='ltr'>c.</span> <span class='ocrx_word' id='word_1_108' title='bbox 1150 839 1194 892; x_wconf 81' lang='lat'>51.</span> <span class='ocrx_word' id='word_1_109' title='bbox 1278 884 1280 907; x_wconf 76' lang='lat'>;</span> 
     </span>
     <span class='ocr_line' id='line_1_12' title="bbox 149 908 1280 989; baseline -0.02 -11"><span class='ocrx_word' id='word_1_110' title='bbox 149 928 174 988; x_wconf 84' lang='lat'>§.</span> <span class='ocrx_word' id='word_1_111' title='bbox 194 923 255 977; x_wconf 80' lang='lat'>154.</span> <span class='ocrx_word' id='word_1_112' title='bbox 273 925 396 989; x_wconf 83' lang='lat' dir='ltr'>putabam</span> <span class='ocrx_word' id='word_1_113' title='bbox 414 921 441 970; x_wconf 88' lang='lat' dir='ltr'>iu</span> <span class='ocrx_word' id='word_1_114' title='bbox 459 918 559 980; x_wconf 86' lang='lat' dir='ltr'>verbis,</span> <span class='ocrx_word' id='word_1_115' title='bbox 586 928 652 978; x_wconf 87' lang='lat' dir='ltr'>quae</span> <span class='ocrx_word' id='word_1_116' title='bbox 669 920 728 962; x_wconf 86' lang='lat' dir='ltr'>sunt</span> <span class='ocrx_word' id='word_1_117' title='bbox 750 915 777 961; x_wconf 90' lang='lat' dir='ltr'>in</span> <span class='ocrx_word' id='word_1_118' title='bbox 797 911 887 960; x_wconf 85' lang='lat' dir='ltr'>libris:</span> <span class='ocrx_word' id='word_1_119' title='bbox 912 910 939 957; x_wconf 86' lang='lat' dir='ltr'>in</span> <span class='ocrx_word' id='word_1_120' title='bbox 957 908 1068 973; x_wconf 80' lang='lat' dir='ltr'>pladium</span> <span class='ocrx_word' id='word_1_121' title='bbox 1089 909 1115 958; x_wconf 85' lang='lat' dir='ltr'>in</span> <span class='ocrx_word' id='word_1_122' title='bbox 1137 909 1198 959; x_wconf 80' lang='lat' dir='ltr'>nuni</span> <span class='ocrx_word' id='word_1_123' title='bbox 1278 926 1280 971; x_wconf 66' lang='lat' dir='ltr'>j</span> 
     </span>
     <span class='ocr_line' id='line_1_13' title="bbox 150 976 1195 1058; baseline -0.02 -15"><span class='ocrx_word' id='word_1_124' title='bbox 150 992 241 1058; x_wconf 84' lang='lat' dir='ltr'>(naue)</span> <span class='ocrx_word' id='word_1_125' title='bbox 258 993 348 1043; x_wconf 79' lang='lat' dir='ltr'>ibidem</span> <span class='ocrx_word' id='word_1_126' title='bbox 363 987 522 1053; x_wconf 77' lang='lat' dir='ltr'>inmutaret,</span> <span class='ocrx_word' id='word_1_127' title='bbox 541 985 591 1035; x_wconf 88' lang='lat' dir='ltr'>hoc</span> <span class='ocrx_word' id='word_1_128' title='bbox 608 983 702 1033; x_wconf 86' lang='lat' dir='ltr'>latere:</span> <span class='ocrx_word' id='word_1_129' title='bbox 721 984 747 1031; x_wconf 88' lang='lat' dir='ltr'>in</span> <span class='ocrx_word' id='word_1_130' title='bbox 763 981 875 1045; x_wconf 63' lang='lat' dir='ltr'>gladium</span> <span class='ocrx_word' id='word_1_131' title='bbox 894 980 983 1043; x_wconf 75' lang='lat' dir='ltr'>ipnuue</span> <span class='ocrx_word' id='word_1_132' title='bbox 999 976 1088 1026; x_wconf 83' lang='lat' dir='ltr'>ibidem</span> <span class='ocrx_word' id='word_1_133' title='bbox 1104 979 1195 1026; x_wconf 82' lang='lat' dir='ltr'>incum-</span> 
     </span>
    </p>
   </div>
   <div class='ocr_carea' id='block_1_8' title="bbox 150 1044 1279 1115">
    <p class='ocr_par' dir='ltr' id='par_1_8' title="bbox 150 1044 1279 1115">
     <span class='ocr_line' id='line_1_14' title="bbox 150 1044 1279 1115; baseline -0.017 -3"><span class='ocrx_word' id='word_1_134' title='bbox 150 1063 229 1114; x_wconf 85' lang='lat' dir='ltr'>beret.</span> <span class='ocrx_word' id='word_1_135' title='bbox 249 1061 301 1113; x_wconf 88' lang='lat' dir='ltr'>Sed</span> <span class='ocrx_word' id='word_1_136' title='bbox 313 1060 422 1111; x_wconf 76' lang='lat' dir='ltr'>fortasse</span> <span class='ocrx_word' id='word_1_137' title='bbox 435 1064 523 1108; x_wconf 88' lang='lat' dir='ltr'>auctor</span> <span class='ocrx_word' id='word_1_138' title='bbox 538 1054 569 1104; x_wconf 88' lang='lat' dir='ltr'>de</span> <span class='ocrx_word' id='word_1_139' title='bbox 587 1051 713 1104; x_wconf 87' lang='lat' dir='ltr'>industria</span> <span class='ocrx_word' id='word_1_140' title='bbox 731 1049 847 1115; x_wconf 81' lang='lat' dir='ltr'>scripsit:</span> <span class='ocrx_word' id='word_1_141' title='bbox 867 1049 892 1096; x_wconf 89' lang='lat' dir='ltr'>in</span> <span class='ocrx_word' id='word_1_142' title='bbox 910 1048 970 1095; x_wconf 86' lang='lat' dir='ltr'>naui</span> <span class='ocrx_word' id='word_1_143' title='bbox 985 1045 1075 1094; x_wconf 77' lang='lat' dir='ltr'>ibidem</span> <span class='ocrx_word' id='word_1_144' title='bbox 1092 1047 1111 1094; x_wconf 91' lang='lat' dir='ltr'>i.</span> <span class='ocrx_word' id='word_1_145' title='bbox 1126 1060 1150 1096; x_wconf 88' lang='lat' dir='ltr'>e.</span> <span class='ocrx_word' id='word_1_146' title='bbox 1169 1047 1196 1095; x_wconf 83' lang='lat' dir='ltr'>in</span> <span class='ocrx_word' id='word_1_147' title='bbox 1278 1044 1279 1053; x_wconf 76' lang='grc'>’</span> 
     </span>
    </p>
   </div>
   <div class='ocr_carea' id='block_1_9' title="bbox 151 1104 1280 1258">
    <p class='ocr_par' dir='ltr' id='par_1_9' title="bbox 151 1104 1280 1258">
     <span class='ocr_line' id='line_1_15' title="bbox 151 1104 1280 1186; baseline -0.015 -6"><span class='ocrx_word' id='word_1_148' title='bbox 151 1132 210 1180; x_wconf 82' lang='lat' dir='ltr'>naui</span> <span class='ocrx_word' id='word_1_149' title='bbox 221 1130 306 1180; x_wconf 85' lang='lat' dir='ltr'>eodem</span> <span class='ocrx_word' id='word_1_150' title='bbox 322 1131 366 1178; x_wconf 86' lang='lat' dir='ltr'>illo</span> <span class='ocrx_word' id='word_1_151' title='bbox 384 1131 447 1186; x_wconf 86' lang='lat' dir='ltr'>loco,</span> <span class='ocrx_word' id='word_1_152' title='bbox 462 1133 491 1175; x_wconf 91' lang='lat' dir='ltr'>ut</span> <span class='ocrx_word' id='word_1_153' title='bbox 507 1123 615 1174; x_wconf 79' lang='lat' dir='ltr'>indidem</span> <span class='ocrx_word' id='word_1_154' title='bbox 631 1119 736 1170; x_wconf 73' lang='lat' dir='ltr'>Athenis</span> <span class='ocrx_word' id='word_1_155' title='bbox 754 1126 779 1167; x_wconf 86' lang='lat' dir='ltr'>et</span> <span class='ocrx_word' id='word_1_156' title='bbox 796 1115 890 1167; x_wconf 77' lang='lat' dir='ltr'>similia</span> <span class='ocrx_word' id='word_1_157' title='bbox 909 1117 1034 1168; x_wconf 79' lang='lat' dir='ltr'>dicuntur.</span> <span class='ocrx_word' id='word_1_158' title='bbox 1053 1113 1113 1163; x_wconf 82' lang='lat' dir='ltr'>Alia</span> <span class='ocrx_word' id='word_1_159' title='bbox 1131 1129 1196 1177; x_wconf 80' lang='lat' dir='ltr'>quac</span> <span class='ocrx_word' id='word_1_160' title='bbox 1278 1104 1280 1181; x_wconf 51' lang='grc' dir='ltr'>ᾖ</span> 
     </span>
     <span class='ocr_line' id='line_1_16' title="bbox 155 1189 704 1258; baseline -0.013 -10"><span class='ocrx_word' id='word_1_161' title='bbox 155 1198 253 1250; x_wconf 83' lang='lat' dir='ltr'>mutari</span> <span class='ocrx_word' id='word_1_162' title='bbox 269 1197 410 1249; x_wconf 83' lang='lat' dir='ltr'>benevolus</span> <span class='ocrx_word' id='word_1_163' title='bbox 430 1196 510 1244; x_wconf 86' lang='lat' dir='ltr'>lector</span> <span class='ocrx_word' id='word_1_164' title='bbox 527 1196 583 1258; x_wconf 84' lang='lat' dir='ltr'>ipse</span> <span class='ocrx_word' id='word_1_165' title='bbox 598 1189 704 1241; x_wconf 81' lang='lat' dir='ltr'>ridebit.</span> 
     </span>
    </p>
   </div>
   <div class='ocr_carea' id='block_1_10' title="bbox 224 1291 1125 1483">
    <p class='ocr_par' dir='ltr' id='par_1_10' title="bbox 224 1291 1125 1483">
     <span class='ocr_line' id='line_1_17' title="bbox 224 1291 925 1375; baseline -0.03 -14"><span class='ocrx_word' id='word_1_166' title='bbox 224 1307 325 1375; x_wconf 80' lang='lat' dir='ltr'>Scripsi</span> <span class='ocrx_word' id='word_1_167' title='bbox 342 1307 445 1372; x_wconf 79' lang='lat' dir='ltr'>Lipsiae</span> <span class='ocrx_word' id='word_1_168' title='bbox 463 1304 537 1355; x_wconf 77' lang='lat' dir='ltr'>feriis</span> <span class='ocrx_word' id='word_1_169' title='bbox 553 1298 741 1351; x_wconf 78' lang='lat' dir='ltr'>autumnalibus</span> <span class='ocrx_word' id='word_1_170' title='bbox 752 1311 776 1348; x_wconf 85' lang='lat' dir='ltr'>a.</span> <span class='ocrx_word' id='word_1_171' title='bbox 787 1291 925 1346; x_wconf 75' lang='lat' dir='ltr'>Maccui.</span> 
     </span>
     <span class='ocr_line' id='line_1_18' title="bbox 796 1427 1125 1483; baseline -0.012 0"><span class='ocrx_word' id='word_1_172' title='bbox 796 1481 799 1483; x_wconf 14' lang='lat' dir='ltr'>a</span> <span class='ocrx_word' id='word_1_173' title='bbox 821 1428 1008 1482; x_wconf 76' lang='lat' dir='ltr'>Reinlroldus</span> <span class='ocrx_word' id='word_1_174' title='bbox 1024 1427 1125 1480; x_wconf 77' lang='lat' dir='ltr'>Klotz.</span> 
     </span>
    </p>
   </div>
   <div class='ocr_carea' id='block_1_11' title="bbox 319 2164 1017 2295">
    <p class='ocr_par' dir='ltr' id='par_1_11' title="bbox 319 2164 1017 2295">
     <span class='ocr_line' id='line_1_19' title="bbox 319 2164 1017 2295; baseline -0.003 -47"><span class='ocrx_word' id='word_1_175' title='bbox 319 2164 559 2252; x_wconf 81' lang='grc'><strong>1111111111</strong></span> <span class='ocrx_word' id='word_1_176' title='bbox 585 2166 778 2295; x_wconf 80' lang='grc'><strong>1111111111</strong></span> <span class='ocrx_word' id='word_1_177' title='bbox 806 2165 1017 2250; x_wconf 84' lang='grc'><strong>11111111.</strong></span> 
     </span>
    </p>
   </div>
   <div class='ocr_carea' id='block_1_12' title="bbox 593 2352 744 2364">
    <p class='ocr_par' dir='ltr' id='par_1_12' title="bbox 593 2352 744 2364">
     <span class='ocr_line' id='line_1_20' title="bbox 593 2352 744 2364; baseline -0.013 -1"><span class='ocrx_word' id='word_1_178' title='bbox 593 2352 744 2364; x_wconf 66' lang='grc' dir='ltr'>-ι--ιιι-ιι.</span> 
     </span>
    </p>
   </div>
   <div class='ocr_carea' id='block_1_13' title="bbox 220 2482 1280 2548">
    <p class='ocr_par' dir='ltr' id='par_1_13' title="bbox 220 2482 1280 2548">
     <span class='ocr_line' id='line_1_21' title="bbox 220 2482 1280 2548; baseline -0.001 -16"><span class='ocrx_word' id='word_1_179' title='bbox 220 2485 248 2532; x_wconf 89' lang='lat' dir='ltr'>In</span> <span class='ocrx_word' id='word_1_180' title='bbox 261 2482 293 2532; x_wconf 90' lang='grc' dir='ltr'>Μ.</span> <span class='ocrx_word' id='word_1_181' title='bbox 307 2484 381 2534; x_wconf 91' lang='lat' dir='ltr'>Tullii</span> <span class='ocrx_word' id='word_1_182' title='bbox 395 2484 523 2536; x_wconf 80' lang='lat' dir='ltr'>Ciceronis</span> <span class='ocrx_word' id='word_1_183' title='bbox 535 2485 604 2536; x_wconf 90' lang='lat' dir='ltr'>libris</span> <span class='ocrx_word' id='word_1_184' title='bbox 616 2486 761 2548; x_wconf 87' lang='lat' dir='ltr'>rhetoricis,</span> <span class='ocrx_word' id='word_1_185' title='bbox 770 2488 822 2548; x_wconf 63' lang='lat' dir='ltr'>,qui</span> <span class='ocrx_word' id='word_1_186' title='bbox 835 2486 941 2536; x_wconf 83' lang='lat' dir='ltr'>suntad</span> <span class='ocrx_word' id='word_1_187' title='bbox 954 2484 979 2535; x_wconf 82' lang='lat'>0.</span> <span class='ocrx_word' id='word_1_188' title='bbox 992 2483 1148 2533; x_wconf 80' lang='lat' dir='ltr'>Herennium</span> <span class='ocrx_word' id='word_1_189' title='bbox 1160 2489 1185 2530; x_wconf 91' lang='lat' dir='ltr'>et</span> <span class='ocrx_word' id='word_1_190' title='bbox 1278 2483 1280 2540; x_wconf 73' lang='grc' dir='ltr'>ζ</span> 
     </span>
    </p>
   </div>
   <div class='ocr_carea' id='block_1_14' title="bbox 153 2548 1184 2684">
    <p class='ocr_par' dir='ltr' id='par_1_14' title="bbox 153 2548 1184 2684">
     <span class='ocr_line' id='line_1_22' title="bbox 153 2548 1183 2617; baseline -0.002 -17"><span class='ocrx_word' id='word_1_191' title='bbox 153 2553 185 2600; x_wconf 88' lang='lat' dir='ltr'>de</span> <span class='ocrx_word' id='word_1_192' title='bbox 194 2552 334 2602; x_wconf 80' lang='lat' dir='ltr'>inventione</span> <span class='ocrx_word' id='word_1_193' title='bbox 346 2551 468 2616; x_wconf 87' lang='lat' dir='ltr'>inscripti,</span> <span class='ocrx_word' id='word_1_194' title='bbox 481 2553 564 2603; x_wconf 85' lang='lat' dir='ltr'>denuo</span> <span class='ocrx_word' id='word_1_195' title='bbox 576 2553 785 2617; x_wconf 81' lang='lat' dir='ltr'>recognoscendis</span> <span class='ocrx_word' id='word_1_196' title='bbox 793 2554 875 2602; x_wconf 83' lang='lat' dir='ltr'>fateor</span> <span class='ocrx_word' id='word_1_197' title='bbox 885 2565 926 2600; x_wconf 91' lang='lat' dir='ltr'>me</span> <span class='ocrx_word' id='word_1_198' title='bbox 934 2551 1043 2600; x_wconf 84' lang='lat' dir='ltr'>maxime</span> <span class='ocrx_word' id='word_1_199' title='bbox 1053 2549 1085 2600; x_wconf 90' lang='lat' dir='ltr'>iis</span> <span class='ocrx_word' id='word_1_200' title='bbox 1094 2548 1183 2612; x_wconf 88' lang='lat' dir='ltr'>copiis,</span> 
     </span>
     <span class='ocr_line' id='line_1_23' title="bbox 153 2615 1184 2684; baseline -0.001 -19"><span class='ocrx_word' id='word_1_201' title='bbox 153 2630 217 2680; x_wconf 84' lang='lat' dir='ltr'>quae</span> <span class='ocrx_word' id='word_1_202' title='bbox 230 2616 257 2666; x_wconf 82' lang='lat' dir='ltr'>G.</span> <span class='ocrx_word' id='word_1_203' title='bbox 269 2618 385 2667; x_wconf 83' lang='lat' dir='ltr'>Halmii</span> <span class='ocrx_word' id='word_1_204' title='bbox 403 2629 428 2667; x_wconf 89' lang='lat' dir='ltr'>et</span> <span class='ocrx_word' id='word_1_205' title='bbox 442 2618 468 2668; x_wconf 84' lang='lat' dir='ltr'>G.</span> <span class='ocrx_word' id='word_1_206' title='bbox 480 2618 510 2669; x_wconf 87' lang='lat' dir='ltr'>L.</span> <span class='ocrx_word' id='word_1_207' title='bbox 523 2620 656 2682; x_wconf 73' lang='lat' dir='ltr'>Kayseri</span> <span class='ocrx_word' id='word_1_208' title='bbox 672 2620 801 2683; x_wconf 83' lang='lat' dir='ltr'>diligencia</span> <span class='ocrx_word' id='word_1_209' title='bbox 812 2634 893 2684; x_wconf 88' lang='lat' dir='ltr'>nuper</span> <span class='ocrx_word' id='word_1_210' title='bbox 903 2625 1005 2682; x_wconf 86' lang='lat' dir='ltr'>paratae</span> <span class='ocrx_word' id='word_1_211' title='bbox 1018 2625 1099 2676; x_wconf 87' lang='lat' dir='ltr'>eraut,</span> <span class='ocrx_word' id='word_1_212' title='bbox 1113 2615 1184 2664; x_wconf 87' lang='lat' dir='ltr'>adiu·</span> 
     </span>
    </p>
   </div>
   <div class='ocr_carea' id='block_1_15' title="bbox 151 2680 1279 2883">
    <p class='ocr_par' dir='ltr' id='par_1_15' title="bbox 151 2680 1279 2883">
     <span class='ocr_line' id='line_1_24' title="bbox 152 2680 1279 2750; baseline -0.003 -18"><span class='ocrx_word' id='word_1_213' title='bbox 152 2694 207 2733; x_wconf 87' lang='lat' dir='ltr'>tum</span> <span class='ocrx_word' id='word_1_214' title='bbox 220 2698 283 2737; x_wconf 87' lang='lat' dir='ltr'>esse.</span> <span class='ocrx_word' id='word_1_215' title='bbox 308 2685 340 2733; x_wconf 84' lang='lat' dir='ltr'>Et</span> <span class='ocrx_word' id='word_1_216' title='bbox 351 2685 384 2734; x_wconf 87' lang='lat' dir='ltr'>de</span> <span class='ocrx_word' id='word_1_217' title='bbox 394 2685 464 2735; x_wconf 89' lang='lat' dir='ltr'>libris</span> <span class='ocrx_word' id='word_1_218' title='bbox 477 2686 590 2747; x_wconf 87' lang='lat' dir='ltr'>quidem,</span> <span class='ocrx_word' id='word_1_219' title='bbox 609 2687 652 2750; x_wconf 90' lang='lat' dir='ltr'>qui</span> <span class='ocrx_word' id='word_1_220' title='bbox 666 2688 773 2736; x_wconf 87' lang='lat' dir='ltr'>suntad</span> <span class='ocrx_word' id='word_1_221' title='bbox 784 2686 812 2737; x_wconf 87' lang='lat' dir='ltr'>G.</span> <span class='ocrx_word' id='word_1_222' title='bbox 823 2687 991 2747; x_wconf 83' lang='lat' dir='ltr'>Herennium,</span> <span class='ocrx_word' id='word_1_223' title='bbox 1012 2685 1038 2734; x_wconf 81' lang='lat'>0.</span> <span class='ocrx_word' id='word_1_224' title='bbox 1050 2683 1083 2734; x_wconf 86' lang='lat' dir='ltr'>L.</span> <span class='ocrx_word' id='word_1_225' title='bbox 1095 2680 1124 2729; x_wconf 85' lang='lat' dir='ltr'><em>K</em></span> <span class='ocrx_word' id='word_1_226' title='bbox 1128 2697 1185 2744; x_wconf 77' lang='lat' dir='ltr'>up·</span> <span class='ocrx_word' id='word_1_227' title='bbox 1278 2730 1279 2743; x_wconf 52' lang='lat'>,</span> 
     </span>
     <span class='ocr_line' id='line_1_25' title="bbox 151 2750 1279 2818; baseline -0.004 -18"><span class='ocrx_word' id='word_1_228' title='bbox 151 2766 245 2801; x_wconf 81' lang='lat' dir='ltr'>seruc</span> <span class='ocrx_word' id='word_1_229' title='bbox 257 2750 354 2801; x_wconf 85' lang='lat' dir='ltr'>duabus</span> <span class='ocrx_word' id='word_1_230' title='bbox 367 2752 526 2814; x_wconf 83' lang='lat' dir='ltr'>editionibus,</span> <span class='ocrx_word' id='word_1_231' title='bbox 537 2767 600 2816; x_wconf 81' lang='lat' dir='ltr'>quus</span> <span class='ocrx_word' id='word_1_232' title='bbox 609 2768 690 2818; x_wconf 89' lang='lat' dir='ltr'>nuper</span> <span class='ocrx_word' id='word_1_233' title='bbox 702 2752 818 2816; x_wconf 81' lang='lat' dir='ltr'>coniecit,</span> <span class='ocrx_word' id='word_1_234' title='bbox 829 2754 930 2817; x_wconf 82' lang='lat' dir='ltr'>egregia</span> <span class='ocrx_word' id='word_1_235' title='bbox 939 2752 1042 2800; x_wconf 87' lang='lat' dir='ltr'>meritus</span> <span class='ocrx_word' id='word_1_236' title='bbox 1052 2757 1099 2812; x_wconf 84' lang='lat' dir='ltr'>est,</span> <span class='ocrx_word' id='word_1_237' title='bbox 1111 2761 1186 2808; x_wconf 88' lang='lat' dir='ltr'>quem</span> <span class='ocrx_word' id='word_1_238' title='bbox 1278 2754 1279 2811; x_wconf 61' lang='grc' dir='ltr'><em>ζ</em></span> 
     </span>
     <span class='ocr_line' id='line_1_26' title="bbox 154 2818 1279 2883; baseline 0.002 -18"><span class='ocrx_word' id='word_1_239' title='bbox 154 2832 201 2880; x_wconf 83' lang='lat' dir='ltr'>ego</span> <span class='ocrx_word' id='word_1_240' title='bbox 212 2818 247 2866; x_wconf 86' lang='lat' dir='ltr'>ita</span> <span class='ocrx_word' id='word_1_241' title='bbox 259 2827 360 2868; x_wconf 87' lang='lat' dir='ltr'>secutus</span> <span class='ocrx_word' id='word_1_242' title='bbox 372 2834 436 2883; x_wconf 88' lang='lat' dir='ltr'>sum,</span> <span class='ocrx_word' id='word_1_243' title='bbox 450 2828 478 2869; x_wconf 91' lang='lat' dir='ltr'>ut</span> <span class='ocrx_word' id='word_1_244' title='bbox 489 2827 573 2869; x_wconf 84' lang='lat' dir='ltr'>tamon</span> <span class='ocrx_word' id='word_1_245' title='bbox 584 2821 611 2870; x_wconf 92' lang='lat' dir='ltr'>in</span> <span class='ocrx_word' id='word_1_246' title='bbox 623 2828 677 2870; x_wconf 88' lang='lat' dir='ltr'>arte</span> <span class='ocrx_word' id='word_1_247' title='bbox 688 2821 774 2870; x_wconf 82' lang='lat' dir='ltr'>critica</span> <span class='ocrx_word' id='word_1_248' title='bbox 784 2820 922 2869; x_wconf 79' lang='lat' dir='ltr'>factitando</span> <span class='ocrx_word' id='word_1_249' title='bbox 930 2819 1023 2869; x_wconf 89' lang='lat' dir='ltr'>iudicio</span> <span class='ocrx_word' id='word_1_250' title='bbox 1033 2831 1090 2865; x_wconf 90' lang='lat' dir='ltr'>meo</span> <span class='ocrx_word' id='word_1_251' title='bbox 1102 2824 1185 2865; x_wconf 85' lang='lat' dir='ltr'>uterer</span> <span class='ocrx_word' id='word_1_252' title='bbox 1278 2824 1279 2867; x_wconf 72' lang='grc' dir='ltr'>ζ</span> 
     </span>
    </p>
   </div>
   <div class='ocr_carea' id='block_1_16' title="bbox 153 2881 1183 2954">
    <p class='ocr_par' dir='ltr' id='par_1_16' title="bbox 153 2881 1183 2954">
     <span class='ocr_line' id='line_1_27' title="bbox 153 2881 1183 2954; baseline -0.004 -24"><span class='ocrx_word' id='word_1_253' title='bbox 153 2897 235 2945; x_wconf 88' lang='lat' dir='ltr'>neque</span> <span class='ocrx_word' id='word_1_254' title='bbox 247 2885 348 2950; x_wconf 74' lang='lat' dir='ltr'>longius</span> <span class='ocrx_word' id='word_1_255' title='bbox 359 2887 441 2951; x_wconf 81' lang='lat' dir='ltr'>abripi</span> <span class='ocrx_word' id='word_1_256' title='bbox 453 2902 492 2936; x_wconf 89' lang='lat' dir='ltr'>me</span> <span class='ocrx_word' id='word_1_257' title='bbox 503 2896 611 2954; x_wconf 87' lang='lat' dir='ltr'>paterer,</span> <span class='ocrx_word' id='word_1_258' title='bbox 628 2902 703 2949; x_wconf 87' lang='lat' dir='ltr'>quam</span> <span class='ocrx_word' id='word_1_259' title='bbox 718 2886 782 2937; x_wconf 88' lang='lat' dir='ltr'>fldes</span> <span class='ocrx_word' id='word_1_260' title='bbox 794 2888 941 2952; x_wconf 83' lang='lat' dir='ltr'>scripturae,</span> <span class='ocrx_word' id='word_1_261' title='bbox 959 2901 1023 2948; x_wconf 90' lang='lat' dir='ltr'>quae</span> <span class='ocrx_word' id='word_1_262' title='bbox 1034 2883 1106 2932; x_wconf 90' lang='lat' dir='ltr'>nobis</span> <span class='ocrx_word' id='word_1_263' title='bbox 1119 2881 1183 2928; x_wconf 83' lang='lat' dir='ltr'>auti·</span> 
     </span>
    </p>
   </div>
   <div class='ocr_carea' id='block_1_17' title="bbox 154 2946 1279 3015">
    <p class='ocr_par' dir='ltr' id='par_1_17' title="bbox 154 2946 1279 3015">
     <span class='ocr_line' id='line_1_28' title="bbox 154 2946 1279 3015; baseline -0.008 -17"><span class='ocrx_word' id='word_1_264' title='bbox 154 2950 239 3010; x_wconf 88' lang='lat' dir='ltr'>quitus</span> <span class='ocrx_word' id='word_1_265' title='bbox 251 2951 341 2999; x_wconf 86' lang='lat' dir='ltr'>tradita</span> <span class='ocrx_word' id='word_1_266' title='bbox 353 2963 414 3015; x_wconf 86' lang='lat' dir='ltr'>crat,</span> <span class='ocrx_word' id='word_1_267' title='bbox 428 2955 564 3005; x_wconf 83' lang='lat' dir='ltr'>concedere</span> <span class='ocrx_word' id='word_1_268' title='bbox 574 2954 713 3014; x_wconf 86' lang='lat' dir='ltr'>videretur;</span> <span class='ocrx_word' id='word_1_269' title='bbox 725 2954 813 3004; x_wconf 86' lang='lat' dir='ltr'>inillis</span> <span class='ocrx_word' id='word_1_270' title='bbox 826 2964 910 3004; x_wconf 87' lang='lat' dir='ltr'>autem</span> <span class='ocrx_word' id='word_1_271' title='bbox 921 2953 991 3010; x_wconf 90' lang='lat' dir='ltr'>locis,</span> <span class='ocrx_word' id='word_1_272' title='bbox 1005 2951 1046 3011; x_wconf 82' lang='lat' dir='ltr'>qui</span> <span class='ocrx_word' id='word_1_273' title='bbox 1058 2946 1184 2996; x_wconf 65' lang='grc'><strong>(1111101110-</strong></span> <span class='ocrx_word' id='word_1_274' title='bbox 1278 2980 1279 2989; x_wconf 69' lang='grc'>,</span> 
     </span>
    </p>
   </div>
   <div class='ocr_carea' id='block_1_18' title="bbox 153 3014 1184 3151">
    <p class='ocr_par' dir='ltr' id='par_1_18' title="bbox 153 3014 1184 3151">
     <span class='ocr_line' id='line_1_29' title="bbox 153 3014 1184 3086; baseline -0.003 -22"><span class='ocrx_word' id='word_1_275' title='bbox 153 3030 207 3064; x_wconf 90' lang='lat' dir='ltr'>rem</span> <span class='ocrx_word' id='word_1_276' title='bbox 216 3019 388 3065; x_wconf 80' lang='lat' dir='ltr'>tractationem</span> <span class='ocrx_word' id='word_1_277' title='bbox 398 3019 492 3069; x_wconf 84' lang='lat' dir='ltr'>habere</span> <span class='ocrx_word' id='word_1_278' title='bbox 502 3022 653 3084; x_wconf 84' lang='lat' dir='ltr'>viderentur,</span> <span class='ocrx_word' id='word_1_279' title='bbox 666 3022 749 3086; x_wconf 88' lang='lat' dir='ltr'>potius</span> <span class='ocrx_word' id='word_1_280' title='bbox 761 3035 813 3069; x_wconf 87' lang='lat' dir='ltr'>ram</span> <span class='ocrx_word' id='word_1_281' title='bbox 824 3019 986 3068; x_wconf 82' lang='lat' dir='ltr'>differendam</span> <span class='ocrx_word' id='word_1_282' title='bbox 997 3028 1073 3076; x_wconf 88' lang='lat' dir='ltr'>quam</span> <span class='ocrx_word' id='word_1_283' title='bbox 1082 3027 1132 3062; x_wconf 87' lang='lat' dir='ltr'>uuo</span> <span class='ocrx_word' id='word_1_284' title='bbox 1144 3014 1184 3061; x_wconf 91' lang='lat' dir='ltr'>iu-</span> 
     </span>
     <span class='ocr_line' id='line_1_30' title="bbox 155 3081 1183 3151; baseline -0.004 -20"><span class='ocrx_word' id='word_1_285' title='bbox 155 3081 221 3131; x_wconf 89' lang='lat' dir='ltr'>dicio</span> <span class='ocrx_word' id='word_1_286' title='bbox 231 3082 413 3131; x_wconf 85' lang='lat' dir='ltr'>decernendam</span> <span class='ocrx_word' id='word_1_287' title='bbox 426 3099 482 3134; x_wconf 86' lang='lat' dir='ltr'>esse</span> <span class='ocrx_word' id='word_1_288' title='bbox 494 3088 676 3137; x_wconf 83' lang='lat' dir='ltr'>existimarem:</span> <span class='ocrx_word' id='word_1_289' title='bbox 687 3087 713 3136; x_wconf 92' lang='lat' dir='ltr'>id</span> <span class='ocrx_word' id='word_1_290' title='bbox 726 3087 879 3151; x_wconf 86' lang='lat' dir='ltr'>quodetiam</span> <span class='ocrx_word' id='word_1_291' title='bbox 892 3084 924 3133; x_wconf 89' lang='lat' dir='ltr'>ad</span> <span class='ocrx_word' id='word_1_292' title='bbox 935 3097 978 3131; x_wconf 88' lang='lat' dir='ltr'>eos</span> <span class='ocrx_word' id='word_1_293' title='bbox 987 3083 1058 3130; x_wconf 88' lang='lat' dir='ltr'>lucos</span> <span class='ocrx_word' id='word_1_294' title='bbox 1067 3081 1183 3144; x_wconf 86' lang='lat' dir='ltr'>pertinet,</span> 
     </span>
    </p>
   </div>
   <div class='ocr_carea' id='block_1_19' title="bbox 155 3147 1280 3216">
    <p class='ocr_par' dir='ltr' id='par_1_19' title="bbox 155 3147 1280 3216">
     <span class='ocr_line' id='line_1_31' title="bbox 155 3147 1280 3216; baseline -0.002 -20"><span class='ocrx_word' id='word_1_295' title='bbox 155 3163 218 3210; x_wconf 85' lang='lat' dir='ltr'>quos</span> <span class='ocrx_word' id='word_1_296' title='bbox 238 3149 265 3198; x_wconf 85' lang='lat' dir='ltr'>G.</span> <span class='ocrx_word' id='word_1_297' title='bbox 283 3148 422 3199; x_wconf 87' lang='lat' dir='ltr'>Halmius</span> <span class='ocrx_word' id='word_1_298' title='bbox 438 3152 464 3199; x_wconf 91' lang='lat' dir='ltr'>in</span> <span class='ocrx_word' id='word_1_299' title='bbox 476 3152 578 3216; x_wconf 83' lang='lat' dir='ltr'>libelle,</span> <span class='ocrx_word' id='word_1_300' title='bbox 595 3154 638 3215; x_wconf 85' lang='lat' dir='ltr'>qui</span> <span class='ocrx_word' id='word_1_301' title='bbox 654 3154 789 3216; x_wconf 88' lang='lat' dir='ltr'>inscriptus</span> <span class='ocrx_word' id='word_1_302' title='bbox 807 3160 857 3201; x_wconf 86' lang='lat' dir='ltr'>est:</span> <span class='ocrx_word' id='word_1_303' title='bbox 877 3151 928 3199; x_wconf 84' lang='lat' dir='ltr'>Zur</span> <span class='ocrx_word' id='word_1_304' title='bbox 947 3147 1120 3199; x_wconf 79' lang='lat' dir='ltr'>Temteskritilc</span> <span class='ocrx_word' id='word_1_305' title='bbox 1137 3148 1185 3196; x_wconf 84' lang='lat' dir='ltr'>der</span> <span class='ocrx_word' id='word_1_306' title='bbox 1278 3174 1280 3213; x_wconf 74' lang='lat' dir='ltr'>i</span> 
     </span>
    </p>
   </div>
   <div class='ocr_carea' id='block_1_20' title="bbox 154 3213 1185 3482">
    <p class='ocr_par' dir='ltr' id='par_1_20' title="bbox 154 3213 1185 3482">
     <span class='ocr_line' id='line_1_32' title="bbox 154 3213 1185 3283; baseline 0.001 -19"><span class='ocrx_word' id='word_1_307' title='bbox 154 3214 276 3264; x_wconf 72' lang='lat' dir='ltr'>Rhetorik</span> <span class='ocrx_word' id='word_1_308' title='bbox 293 3217 329 3264; x_wconf 90' lang='lat' dir='ltr'>ud</span> <span class='ocrx_word' id='word_1_309' title='bbox 342 3216 509 3276; x_wconf 80' lang='lat' dir='ltr'>Herennium,</span> <span class='ocrx_word' id='word_1_310' title='bbox 526 3235 606 3283; x_wconf 88' lang='lat' dir='ltr'>nuper</span> <span class='ocrx_word' id='word_1_311' title='bbox 621 3220 748 3280; x_wconf 82' lang='lat' dir='ltr'>tractavit,</span> <span class='ocrx_word' id='word_1_312' title='bbox 770 3231 819 3279; x_wconf 89' lang='lat' dir='ltr'>quo</span> <span class='ocrx_word' id='word_1_313' title='bbox 839 3219 864 3266; x_wconf 90' lang='lat' dir='ltr'>in</span> <span class='ocrx_word' id='word_1_314' title='bbox 885 3216 967 3266; x_wconf 88' lang='lat' dir='ltr'>libello</span> <span class='ocrx_word' id='word_1_315' title='bbox 984 3215 1063 3264; x_wconf 85' lang='lat' dir='ltr'>multa</span> <span class='ocrx_word' id='word_1_316' title='bbox 1083 3213 1185 3276; x_wconf 77' lang='lat' dir='ltr'>egregie</span> 
     </span>
     <span class='ocr_line' id='line_1_33' title="bbox 154 3281 1185 3352; baseline 0.003 -25"><span class='ocrx_word' id='word_1_317' title='bbox 154 3294 168 3328; x_wconf 89' lang='lat' dir='ltr'>a</span> <span class='ocrx_word' id='word_1_318' title='bbox 180 3281 234 3328; x_wconf 90' lang='lat' dir='ltr'>viro</span> <span class='ocrx_word' id='word_1_319' title='bbox 247 3281 384 3331; x_wconf 89' lang='lat' dir='ltr'>clarissimo</span> <span class='ocrx_word' id='word_1_320' title='bbox 397 3284 429 3333; x_wconf 88' lang='lat' dir='ltr'>de</span> <span class='ocrx_word' id='word_1_321' title='bbox 441 3286 547 3348; x_wconf 78' lang='lat' dir='ltr'>siugulis</span> <span class='ocrx_word' id='word_1_322' title='bbox 559 3286 620 3335; x_wconf 90' lang='lat' dir='ltr'>locis</span> <span class='ocrx_word' id='word_1_323' title='bbox 633 3287 759 3352; x_wconf 85' lang='lat' dir='ltr'>disputata</span> <span class='ocrx_word' id='word_1_324' title='bbox 776 3299 833 3334; x_wconf 86' lang='lat' dir='ltr'>csse</span> <span class='ocrx_word' id='word_1_325' title='bbox 849 3298 922 3332; x_wconf 89' lang='lat' dir='ltr'>nemo</span> <span class='ocrx_word' id='word_1_326' title='bbox 935 3282 1048 3346; x_wconf 83' lang='lat' dir='ltr'>negabit,</span> <span class='ocrx_word' id='word_1_327' title='bbox 1064 3281 1185 3329; x_wconf 79' lang='lat' dir='ltr'>universa</span> 
     </span>
     <span class='ocr_line' id='line_1_34' title="bbox 154 3348 1184 3418; baseline 0.003 -26"><span class='ocrx_word' id='word_1_328' title='bbox 154 3353 237 3394; x_wconf 86' lang='lat' dir='ltr'>autem</span> <span class='ocrx_word' id='word_1_329' title='bbox 251 3348 305 3397; x_wconf 92' lang='lat' dir='ltr'>eius</span> <span class='ocrx_word' id='word_1_330' title='bbox 316 3350 393 3413; x_wconf 87' lang='lat' dir='ltr'>ratio,</span> <span class='ocrx_word' id='word_1_331' title='bbox 406 3366 456 3412; x_wconf 85' lang='lat' dir='ltr'>qua</span> <span class='ocrx_word' id='word_1_332' title='bbox 468 3367 517 3400; x_wconf 91' lang='lat' dir='ltr'>non</span> <span class='ocrx_word' id='word_1_333' title='bbox 529 3366 623 3418; x_wconf 88' lang='lat' dir='ltr'>paucos</span> <span class='ocrx_word' id='word_1_334' title='bbox 635 3354 704 3402; x_wconf 90' lang='lat' dir='ltr'>locos</span> <span class='ocrx_word' id='word_1_335' title='bbox 716 3354 742 3400; x_wconf 88' lang='lat' dir='ltr'>in</span> <span class='ocrx_word' id='word_1_336' title='bbox 754 3351 953 3416; x_wconf 84' lang='lat' dir='ltr'>interpolationis</span> <span class='ocrx_word' id='word_1_337' title='bbox 962 3350 1130 3414; x_wconf 88' lang='lat' dir='ltr'>suspicionem</span> <span class='ocrx_word' id='word_1_338' title='bbox 1138 3359 1184 3395; x_wconf 88' lang='lat' dir='ltr'>vo·</span> 
     </span>
     <span class='ocr_line' id='line_1_35' title="bbox 154 3413 1182 3482; baseline 0.001 -21"><span class='ocrx_word' id='word_1_339' title='bbox 154 3414 229 3476; x_wconf 84' lang='lat' dir='ltr'>cavit,</span> <span class='ocrx_word' id='word_1_340' title='bbox 247 3413 308 3462; x_wconf 90' lang='lat' dir='ltr'>mihi</span> <span class='ocrx_word' id='word_1_341' title='bbox 319 3417 464 3477; x_wconf 81' lang='lat' dir='ltr'>neutiquam</span> <span class='ocrx_word' id='word_1_342' title='bbox 477 3420 577 3482; x_wconf 88' lang='lat' dir='ltr'>probari</span> <span class='ocrx_word' id='word_1_343' title='bbox 585 3421 675 3482; x_wconf 86' lang='lat' dir='ltr'>potuit.</span> <span class='ocrx_word' id='word_1_344' title='bbox 704 3421 733 3468; x_wconf 89' lang='lat' dir='ltr'>Id</span> <span class='ocrx_word' id='word_1_345' title='bbox 744 3426 827 3467; x_wconf 86' lang='lat' dir='ltr'>tamen</span> <span class='ocrx_word' id='word_1_346' title='bbox 840 3432 889 3467; x_wconf 90' lang='lat' dir='ltr'>uon</span> <span class='ocrx_word' id='word_1_347' title='bbox 907 3418 941 3466; x_wconf 85' lang='lat' dir='ltr'>itu</span> <span class='ocrx_word' id='word_1_348' title='bbox 954 3432 1019 3466; x_wconf 88' lang='lat' dir='ltr'>ame</span> <span class='ocrx_word' id='word_1_349' title='bbox 1032 3418 1124 3466; x_wconf 88' lang='lat' dir='ltr'>dictum</span> <span class='ocrx_word' id='word_1_350' title='bbox 1137 3429 1182 3462; x_wconf 88' lang='lat' dir='ltr'>ex·</span> 
     </span>
    </p>
   </div>
   <div class='ocr_carea' id='block_1_21' title="bbox 0 0 1299 3892">
    <p class='ocr_par' dir='ltr' id='par_1_21' title="bbox 0 0 1299 3892">
     <span class='ocr_line' id='line_1_36' title="bbox 0 0 1299 3892; baseline 0 0"><span class='ocrx_word' id='word_1_351' title='bbox 0 0 1299 3892; x_wconf 95' lang='lat' dir='ltr'> </span> 
     </span>
    </p>
   </div>
  </div>
 </body>
</html>
