2575 3892
380 224 497 286 LIBER
518 222 570 282 [V.
594 223 679 282 CAP.
701 230 787 285 n-t.
810 230 836 292 §-
851 229 938 286 3-6.
1126 222 1167 284 59

133 409 226 454 suum
242 392 393 460 scribunt,
416 406 486 459 eur,
513 404 574 462 quo
590 387 694 446 secius
710 386 812 447 omnia
827 389 976 460 scribant,
997 388 1168 463 impediun-

135 485 186 537 tur
202 473 374 536 modestia?
404 470 499 545 Quasi
520 470 547 530 si
569 470 638 545 quis
655 468 827 544 Olympiam
847 489 941 545 quum
961 472 1080 532 venerit
1100 488 1168 532 cur·

134 578 205 620 sum
221 566 252 617 et
266 557 394 627 steterit,
409 561 443 615 ut
457 554 601 624 mittatur,
620 553 815 628 impudentes
830 553 912 613 dicat
926 570 997 614 esse
1011 555 1096 625 illos,
1115 556 1168 629 qui

135 657 262 703 currere
283 638 456 714 coeperint,
477 637 546 714 ipse
566 637 644 697 intra
651 652 840 721 dumetum
838 643 902 701 stet
921 644 951 697 et
972 645 1074 697 narret
1089 637 1167 710 aliis,

136 725 295 819 quomodo
313 723 412 784 Ladas
426 729 481 783 aut
493 724 632 782 Boeotus
647 702 813 796 Sicyonius
835 719 1025 792 cursitarint‚
1047 720 1092 778 sic
1108 720 1167 792 isti,

137 824 280 887 quumn
258 808 363 866 artis
375 805 559 865 curriculum
571 805 807 878 descenderunt,
819 803 899 874 illos,
912 821 965 879 qur
977 821 1008 863 ιιι
1022 818 1071 872 eo,
1085 805 1168 876 quod

135 899 185 952 est
199 889 257 949 arti
277 882 327 962 cii,
343 870 512 960 elaborent,
521 876 611 949 aiunt
626 891 731 948 lacere
744 886 943 959 immodeste;
958 885 1020 961 ipsi
1034 886 1169 983 aliquem

82 1037 101 1055 *-
135 975 295 1049 antiquum
314 981 468 1043 oratorem
487 980 540 1032 ant
561 977 687 1048 potitam
707 971 839 1037 laudant
857 970 953 1045 script
954 988 1010 1031 ura
1035 985 1107 1029 sua:
1137 968 1169 1030 in

100 1052 270 1135 ‘kfstadium
288 1056 461 1127 rhetoricae
476 1055 550 1133 artis
546 1054 692 1141 prodire
707 1070 769 1115 non
784 1055 910 1115 audent.
939 1054 968 1113 5
986 1055 1053 1114 Νοιι
1070 1051 1169 1113 ausim

133 1138 261 1211 dicere,
269 1140 351 1200 sed
355 1148 457 1199 tamen
474 1154 597 1209 vereor,
620 1137 983 1212 ne,qua1nrelaudem
997 1135 1169 1198 modestiae
1216 1130 1229 1151 '

133 1231 297 1295 venentur,
312 1224 343 1282 in
359 1240 397 1283 ea
411 1223 482 1298 ipse
491 1239 526 1281 re
540 1221 602 1282 sint
615 1221 821 1296 impudentes.
845 1221 922 1317 Quid
939 1221 1018 1282 enim
1032 1218 1088 1280 tibi
1100 1220 1169 1281 vis?

132 1307 245 1384 aliquis
271 1306 397 1382 inquiat.
436 1308 544 1366 Artem
569 1312 653 1365 tuam
678 1303 804 1376 scribis3
830 1304 930 1381 gignis
955 1321 1054 1365 novas
1078 1302 1167 1364 nobis

133 1390 389 1467 praeceptiones3
406 1406 460 1449 eas
472 1388 729 1465 ipseconfirmare
741 1404 803 1448 non
815 1398 906 1465 potes
914 1409 923 1461 ;
935 1390 974 1449 nb
986 1389 1053 1451 aliis
1067 1404 1168 1448 exem-

134 1477 187 1549 pla
204 1474 311 1534 sumis.
340 1473 422 1531 Vide
435 1488 475 1530 ne
494 1471 591 1532 facias
604 1472 808 1546 impudenter,
823 1472 875 1546 qui
892 1480 945 1532 tuo
961 1471 1076 1532 nomini
1090 1469 1169 1530 velis

135 1573 176 1616 ex
191 1556 322 1614 aliorum
334 1553 493 1614 laboribus
504 1554 601 1614 libare
614 1555 748 1612 laudem.
762 1554 838 1613 Nam
853 1555 881 1614 si
895 1572 1001 1615 eorum
1013 1551 1170 1615 volumina

135 1636 357 1714 prehenderint
371 1636 490 1708 antiqui
505 1644 645 1695 oratores
660 1643 692 1694 et
704 1641 818 1710 poetae
833 1643 863 1696 et
877 1653 967 1697 suum
982 1636 1113 1712 quisque
1129 1638 1170 1696 de
1251 1672 1272 1691 ,ι

135 1719 222 1781 libris
244 1716 417 1787 sustulerit,
437 1717 510 1776 nibil
524 1717 606 1787 istis,
627 1718 713 1789 quod
734 1734 822 1776 suum
837 1718 948 1789 velint,
969 1718 1166 1793 relinquatur.

135 1806 178 1863 At
193 1803 350 1876 exempla,
368 1799 513 1873 quoniam
527 1799 774 1858 testimoniorum
789 1799 898 1859 similia
912 1808 996 1871 sunt,
1010 1799 1083 1859 item
1098 1817 1167 1861 con·

135 1885 223 1946 venit
242 1891 276 1944 ut
296 1881 473 1943 testimonia
487 1882 526 1941 eb
542 1880 715 1942 hominibus
738 1882 962 1957 probatissimis
980 1882 1068 1943 sumi.
1106 1884 1169 1944 Pri·

136 1987 217 2030 mum
235 1966 370 2028 omnium
387 1968 528 2040 exempla
538 1973 697 2040 ponuntur
710 1966 759 2025 hic
774 1983 836 2027 non
853 1966 1054 2027 confirmandi
1067 1984 1170 2043 neque

135 2049 323 2114 testificandi
337 2065 449 2123 causa,
470 2049 527 2108 sed
547 2050 790 2110 demonstrandi.
826 2051 893 2111 Non
909 2044 1111 2126 enimj‘quum
1126 2051 1170 2112 di·

136 2137 234 2195 cimus
250 2150 322 2194 esse
339 2131 587 2204 exornationem,
609 2149 690 2207 quae
710 2134 799 2194 verbi
819 2149 915 2195 causa
931 2141 1054 2196 constet
1074 2152 1114 2194 ex
1130 2133 1170 2194 si·

136 2218 247 2278 militer
266 2216 477 2277 desinentibus
499 2215 617 2288 verbis,
646 2223 678 2276 et
702 2217 845 2291 ponimus
870 2218 930 2278 hoc
952 2220 1127 2293 exemplum
1149 2235 1169 2278 a

137 2304 261 2372 Crasso,
276 2302 379 2374 quietes
386 2315 543 2374 possumus
553 2309 581 2359 et
591 2301 735 2372 debemus,
751 2299 957 2362 testimonium
968 2304 1169 2373 collocamus,

137 2385 193 2446 sed
206 2385 391 2457 exemplum.
401 2384 468 2442 Hoc
478 2382 607 2443 interest
615 2381 708 2456 igitur
717 2383 796 2443 inter
805 2383 1013 2444 testimonium
1024 2391 1056 2443 et
1067 2400 1169 2443 exem-

135 2470 213 2528 lurn:
231 2469 374 2541 exemplo
386 2467 615 2526 demonstratur
625 2465 666 2536 id,
679 2468 763 2540 quod
775 2466 913 2538 dicimus,
927 2465 1101 2528 uniusmodi
1112 2466 1168 2539 sit;

136 2550 312 2610 testimonio
334 2565 406 2610 esse
426 2547 501 2609 illud
520 2550 576 2622 ita,
596 2557 631 2610 ut
652 2566 710 2611 nos
725 2549 869 2621 dicimus,
886 2550 1093 2611 confirmatur.
1138 2549 1169 2610 6.

137 2636 301 2693 Praeterea
313 2638 436 2708 oportet
445 2633 654 2693 testimonium
665 2650 735 2694 cum
746 2651 780 2694 re
792 2635 974 2708 convenire;
988 2635 1078 2695 aliter
1089 2633 1169 2693 enim

138 2734 204 2776 rem
219 2733 281 2775 non
296 2721 402 2789 potest
415 2715 609 2776 confirmare.
642 2718 684 2776 At
697 2717 737 2788 id,
753 2720 838 2792 quod
854 2717 897 2778 illi
910 2718 1034 2789 iaciunt,
1050 2734 1119 2778 cum
1135 2733 1169 2777 re

138 2814 202 2857 non
217 2797 371 2858 convenit.
403 2797 482 2869 Quid
496 2797 556 2858 ita?
581 2796 653 2873 quia
667 2799 851 2873 pollicentur
865 2815 900 2859 se
914 2808 1011 2860 artem
1032 2800 1170 2861 scribere

140 2888 170 2940 et
185 2881 326 2953 exempla
336 2882 497 2955 proterunt
507 2879 546 2938 ab
556 2881 593 2940 iis
604 2882 796 2955 plenamque,
811 2882 864 2957 qui
874 2891 971 2942 artem
982 2884 1168 2946 nescierunt.

138 2966 215 3024 Tum
228 2962 297 3037 quis
313 2970 369 3032 est,
383 2962 436 3036 qui
449 2961 551 3036 possit
562 2961 603 3033 id,
616 2964 702 3035 quod
713 2964 753 3023 de
766 2971 833 3023 arte
847 2965 1014 3042 scripserit,
1028 2985 1169 3044 compro·

137 3049 222 3117 bare,
237 3045 296 3106 nisi
311 3045 428 3121 aliquid
446 3045 561 3105 scribat
573 3062 614 3105 ex
626 3047 715 3106 arte?
742 3048 917 3123 Contraque
932 3049 1059 3123 iaciunt,
1077 3069 1169 3127 quam

138 3129 277 3206 polliceri
290 3130 443 3190 videntur.
471 3128 547 3189 Nam
560 3147 656 3204 quum
670 3130 807 3192 scribere
820 3139 916 3193 artem
930 3132 1107 3206 instituunt,
1125 3135 1170 3195 vi-

138 3216 249 3274 dentur
258 3213 361 3275 dicere
372 3230 408 3274 se
420 3211 708 3290 excogitassequod
719 3215 797 3276 alios
808 3216 971 3293 docerent;
984 3236 1078 3294 quum
1091 3234 1167 3278 vero

139 3297 285 3368 scribunt,
301 3300 468 3360 ostendunt
482 3296 582 3371 nobis,
597 3297 650 3359 alii
664 3297 739 3373 quid
753 3300 965 3376 excogitarint.
986 3304 1040 3361 lV.
1052 3304 1095 3360 At
1109 3300 1169 3358 hoc

138 3380 240 3455 ipsum
254 3380 378 3442 difficile
393 3389 454 3454 est,
471 3380 628 3456 inquiunt,
649 3381 763 3457 eligere
779 3384 818 3444 de
833 3385 946 3445 multis.
978 3383 1055 3456 Quid
1069 3377 1170 3437 dicitis

138 3463 282 3525 difficile?
296 3473 398 3527 utrum
411 3464 601 3526 laboriosum
618 3481 658 3524 an
673 3464 894 3527 artificiosum?
922 3465 955 3524 Si
970 3460 1169 3522 laboriosum,
