2575 3892
113 214 148 267 aa
341 206 456 266 Ltssan
474 208 497 265 1.
522 207 604 266 cnr.
620 215 740 269 ra-aa.
763 213 924 273 §.rr-ta.
1095 204 1156 270 127

115 356 312 417 siderandum
328 366 390 429 est,
412 358 472 417 hoc
487 357 596 418 modo:
621 358 668 415 Ex
683 357 863 432 adrogantia
878 357 997 433 odium,
1018 375 1057 417 cx
1073 358 1155 419 ioso-

114 439 208 501 lentia
223 439 413 515 adrogantia.

82 582 85 585 ,
194 521 246 586 43.
270 523 382 596 Quarta
402 532 503 583 autem
524 540 598 597 pars
621 533 669 584 est
690 523 797 596 exiis,
826 541 904 600 quas
918 525 1048 598 negotiis
1072 524 1155 586 dicc-

113 609 222 668 bamus
234 623 305 667 esse
317 606 689 680 attributasconsecutio.
709 608 743 666 lo
756 608 815 667 hac
827 624 882 669 cae
894 624 944 668 res
958 619 1153 682 quaeruntur,

114 708 195 767 quae
210 699 331 766 gestam
347 690 502 766 negotium
525 698 772 767 consequuntur:
787 691 928 765 primum,
946 691 1031 766 quod
1043 692 1155 753 lactum

113 784 171 847 est,
189 791 250 850 quo
265 774 297 834 id
312 774 435 835 nomine
449 774 598 851 appellari
614 774 793 846 conveniat,
810 775 923 836 deinde
938 775 1005 835 eius
1018 774 1090 835 lacti
1103 776 1155 850 qui

113 858 174 919 sint
189 857 347 937 principes
363 868 393 919 et
406 859 599 932 inventores,
621 857 674 934 qui
688 859 823 934 denique
838 857 1027 920 auctoritatis
1043 858 1110 919 cius
1127 869 1157 919 ct

111 941 298 1003 inventionis
321 943 574 1018 comprobatores
595 949 688 1017 atque
703 942 828 1004 aemuli:
855 942 967 1004 deinde
983 958 1101 1018 ecquae
1117 944 1155 1002 de

112 1042 151 1086 ea
167 1043 200 1086 re
214 1034 268 1086 aut
282 1025 348 1087 eius
363 1027 408 1088 rei
424 1027 463 1087 sit
477 1029 544 1098 lex,
566 1028 776 1098 consuetudo,
798 1027 895 1102 actio,
916 1024 1072 1097 iudicium,
1096 1025 1155 1086 sci-

112 1108 205 1185 cntia,
220 1109 396 1181 artificium
419 1109 532 1172 deinde
545 1119 655 1172 natura
669 1110 745 1185 eiuS,
752 1109 877 1170 evenire
892 1112 985 1186 vulgo
1001 1111 1100 1171 soleat
1114 1127 1152 1170 an

110 1192 282 1255 insolenter
303 1202 333 1254 et
353 1211 438 1265 raro;
465 1202 576 1271 postea
597 1194 739 1255 hondnes
755 1194 786 1253 id
803 1211 860 1254 sua
875 1193 1055 1255 auctoritate
1070 1211 1153 1255 com-

109 1277 244 1353 probare
264 1294 303 1338 an
331 1277 490 1339 oll‘endere
514 1277 545 1338 in
571 1278 609 1337 iis
636 1277 829 1349 consuerint,
855 1287 885 1340 ct
910 1287 1047 1352 caetera,
1074 1294 1153 1354 quae

111 1363 224 1423 lactum
246 1362 372 1438 aliquod
394 1361 532 1424 similiter
554 1362 716 1423 confestim
736 1371 788 1424 aut
809 1379 847 1422 ex
868 1363 1030 1424 intervallo
1053 1364 1154 1423 solent

110 1445 274 1520 consequi.
302 1444 423 1505 Deinde
437 1455 594 1520 postremo
610 1447 832 1505 attendendum
847 1455 902 1520 est,
918 1462 990 1505 num
1005 1462 1086 1520 quae
1101 1462 1152 1505 res

110 1544 153 1588 ex
175 1526 214 1586 iis
235 1528 346 1600 rebus,
372 1545 451 1602 quae
473 1527 594 1601 positae
617 1527 738 1587 suntin
761 1528 900 1602 partibus
915 1528 1087 1588 honestatis
1102 1540 1154 1588 aut

109 1607 270 1682 utilitatis,-
295 1618 541 1686 consequantur,
567 1609 607 1668 de
629 1609 742 1684 quibus
764 1610 795 1667 in
818 1608 1017 1670 deliberativo
1040 1626 1153 1684 genere

112 1708 228 1753 causae
250 1691 424 1754 distinctius
446 1693 503 1753 erit
523 1691 698 1752 dicendum.
732 1693 779 1752 Ac
793 1693 926 1767 negotiis
950 1691 1074 1767 quidem
1089 1695 1153 1754 lere

110 1793 164 1837 res
181 1792 246 1849 ece,
262 1793 341 1852 quas
357 1774 674 1847 commemoravimus,
691 1782 762 1835 sunt
776 1775 947 1837 attributae.

100 1871 101 1874 ’
194 1859 299 1919 ΧΧΙΧ.
327 1857 379 1921 44.
408 1860 514 1920 Omnis
544 1867 645 1921 autem
671 1859 910 1934 argumentatio,
943 1875 1024 1935 quae
1049 1875 1089 1919 ex
1114 1857 1152 1918 iis

109 1942 205 2018 locis,
232 1961 312 2020 quos
329 1943 651 2017 commemoravimus,
678 1952 830 2016 sumetur,
851 1951 903 2004 aut
918 1941 1086 2019 probabilis
1101 1951 1153 2003 aut

109 2028 290 2089 neccssaria
312 2028 437 2089 debebit
457 2044 540 2088 esse.
574 2026 709 2100 Etenim,
733 2026 915 2090 utbreviter
929 2027 1152 2097 describamus

109 2110 331 2185 argumentatio
351 2110 474 2172 videtur
495 2127 566 2172 esse
587 2110 862 2186 inventumaliquo
879 2127 1061 2187 exgenere,
1085 2128 1151 2172 rem

109 2194 245 2267 aliquam
273 2204 325 2255 aut
346 2193 546 2270 probabiliter
565 2194 733 2256 ostendens
753 2203 807 2256 aut
826 2195 1002 2257 necessarie
1024 2197 1150 2256 demon·

110 2285 223 2338 straus.
244 2277 428 2339 Necessarie
443 2279 690 2339 demonstrantur
704 2294 750 2354 ea,
767 2295 846 2355 quae
861 2278 948 2340 aliter
960 2294 997 2339 ac
1008 2279 1151 2340 dicuntur

107 2377 167 2421 nec
189 2360 258 2421 lieri
278 2378 337 2422 nec
351 2360 477 2437 probari
490 2370 639 2436 possunt,
663 2361 723 2424 hoc
737 2363 845 2425 modo:
872 2361 904 2422 Si
919 2362 1054 2437 peperit,
1082 2377 1150 2421 cum

107 2443 174 2505 viro
189 2440 366 2507 concubuit.
388 2446 455 2506 Hoc
467 2462 566 2521 genus
578 2447 820 2522 argumentandi,
833 2446 917 2523 quod
929 2446 960 2506 in
973 2443 1150 2506 necessaria

108 2528 372 2592 demonstratione
392 2537 549 2604 versatur,
574 2529 707 2592 maxime
728 2529 873 2594 tractatur
893 2530 924 2591 in
946 2529 1078 2593 dicendo
1099 2538 1151 2591 aut

109 2628 165 2687 per
180 2612 427 2690 complexionem
441 2622 494 2676 aut
509 2632 565 2690 per
577 2615 837 2679 enumerationem
848 2623 901 2675 aut
912 2631 968 2689 per
980 2614 1149 2689 simplicem

110 2695 349 2757 conclusionem.
371 2695 422 2759 45.
439 2697 616 2774 complexio
629 2707 687 2771 cst,
702 2700 816 2774 inqua,
831 2706 932 2759 utrum
944 2694 1149 2770 concesseris,

108 2779 353 2855 reprehenditur,
368 2783 408 2841 ad
422 2780 504 2842 hunc
518 2783 660 2843 modum=
677 2782 710 2842 Si
721 2782 881 2858 improbus
895 2787 951 2849 est,
968 2795 1023 2838 cur
1033 2777 1150 2838 uteris?

110 2862 137 2920 si
160 2861 291 2935 probus,
318 2880 372 2924 cur
386 2874 538 2926 accusas?
562 2865 759 2927 Enumeratio
775 2873 838 2937 est,
863 2863 988 2936 inqua,
1009 2859 1161 2935 pluribus,

107 2943 203 3004 rebus
218 2945 372 3020 expositis
386 2957 415 3011 ct
429 2949 560 3011 caeteris
575 2948 746 3022 infirmatis,
760 2965 822 3009 una
835 2945 955 3021 reliqua
970 2941 1148 3004 necessario

108 3027 316 3104 confirmatur,
331 3030 391 3093 hoc
406 3042 513 3109 pacto:
534 3033 672 3093 Necesse
687 3040 735 3093 est
748 3039 801 3091 aut
815 3027 1039 3090 inimicitiarum
1054 3043 1150 3089 causa

107 3112 146 3171 ab
167 3112 227 3173 hoc
250 3130 323 3175 esse
344 3116 481 3177 occisum
502 3125 555 3178 aut
575 3125 676 3178 metus
697 3124 750 3176 aut
765 3113 833 3190 spei
849 3120 901 3175 aut
914 3112 1044 3174 alicuius
1060 3109 1149 3173 amici

107 3195 203 3269 gratia
218 3205 279 3271 aut,
295 3198 322 3258 si
336 3197 445 3261 horum
460 3198 534 3259 nihil
550 3208 606 3273 est,
622 3200 662 3260 ab
676 3199 736 3260 hoc
750 3215 812 3259 non
826 3215 898 3259 esse
910 3197 1062 3267 occisum;
1078 3212 1148 3255 nam

108 3278 175 3340 sine
197 3297 293 3343 causa
313 3283 497 3343 maleficium
520 3291 698 3357 susceptum
714 3298 776 3342 non
792 3289 999 3356 potestesse:
1025 3280 1081 3340 sed
1096 3295 1150 3337 ne·

108 3380 168 3437 que
188 3364 364 3427 inimicitiae
385 3367 509 3426 luerunt
527 3382 585 3425 nec
606 3372 705 3425 metus
726 3365 807 3424 ullus
829 3381 887 3424 nec
909 3381 983 3440 spes
998 3380 1037 3422 ex
1052 3368 1148 3418 morte

105 3443 188 3507 illius
214 3448 345 3509 alicuius
372 3448 523 3509 commodi
549 3465 651 3523 neque
678 3448 717 3507 ad
743 3446 872 3507 amicum
898 3446 990 3506 huius
1015 3443 1148 3514 aliquem

593 3580 601 3607 ¹
636 3592 639 3598 ,
