2575 3892
352 215 468 273 LIBER
484 215 519 270 ll.
543 213 628 271 cul).
651 220 695 272 30.
717 221 761 274 31.
786 220 812 279 ι’.
838 221 959 273 lit-50.
1132 210 1173 270 37

138 382 209 440 nori
223 382 338 440 nullam
355 386 484 438 excusat
485 378 596 447 ionem,
609 375 832 448 imprudentiae
848 393 921 435 esse
936 377 1048 436 iustam
1064 378 1174 450 depre-

139 473 189 522 cat
192 465 294 523 ionem
304 470 454 537 palmatam
470 460 626 534 Septimus
637 459 726 516 locus
740 466 788 516 est
789 476 899 532 ,quum
912 460 1175 530 ostendimustae-
1190 449 1218 546 f

124 558 218 628 trum
228 546 359 616 lacinus,
368 545 502 615 crudele,
509 542 659 602 nefarium
662 542 870 615 ,tyrannicum
882 558 967 600 esse:
981 537 1172 617 quodgen'us

136 647 250 689 ιιιιιιιιι
258 628 419 686 mulierum
433 634 486 686 aut
494 641 599 684 earum
606 641 709 683 rerum
716 624 841 698 aquurd
850 641 978 719 quarum
992 640 1172 686 rerumcau·

137 714 267 771 sabella
280 710 489 785 suscipiuntur
501 716 531 768 et
543 724 611 767 cum
625 707 766 767 hostibus
780 710 821 767 de
833 715 877 766 vlt
856 707 1026 766 tadimicat
1014 717 1072 766 ι.ιιι
1086 707 1172 767 Octa-

137 811 199 854 vus
216 796 369 852 locust
322 801 369 854 est
371 811 489 867 ,quum
506 792 698 854 ostendimus
713 807 776 868 non
775 794 953 886 vulgare
948 792 1005 868 sed
1006 777 1220 865 singuline
1227 844 1232 858 ,

138 893 211 937 esse
226 876 419 947 maleficium,
435 877 597 951 spurcum,
613 859 773 943 nolanum,
788 861 976 945 inusitatum,
996 891 1058 947 quo
1077 882 1173 933 matu-

136 962 201 1020 rius
217 967 248 1019 et
267 960 404 1021 atrocius
420 960 637 1018 vindicandum
660 958 710 1018 sit.
746 960 855 1018 Nonus
876 961 966 1017 locus
989 965 1113 1026 constat
1133 973 1173 1016 cx

125 1051 349 1137 &abacorum
354 1044 594 1138 comparatione,
597 1041 701 1120 quasi
719 1058 814 1116 quum
829 1042 967 1101 dicemus
985 1041 1083 1100 maius
1100 1049 1216 1098 csse

135 1126 362 1186 maleficiumt
334 1134 362 1185 st
363 1143 475 1201 uprare
486 1117 654 1200 ingenuum
666 1141 758 1200 quam
770 1141 893 1184 sacrum
904 1129 1020 1198 legere,
1033 1125 1119 1197 quod
1129 1124 1172 1181 al-

135 1217 237 1269 terum
249 1218 379 1288 propter
391 1217 568 1284 egestatem,
577 1211 707 1268 alterum
717 1215 812 1283 propt
814 1224 848 1268 er
858 1207 1063 1304 intemperant
1065 1222 1171 1266 cmsu-

134 1293 341 1368 perbiamt
287 1292 350 1353 fiat
362 1294 506 1353 Decimus
518 1296 607 1353 locus
622 1297 671 1362 est
673 1309 745 1366 ‚per
755 1307 848 1365 quern
856 1292 964 1378 omnia
964 1307 1063 1364 ‚quae
1074 1290 1105 1348 in
1118 1304 1170 1347 ne-

136 1378 221 1451 gotio
234 1378 374 1451 gerundo
388 1384 439 1435 act
440 1384 543 1436 asunt
555 1391 699 1449 quaeque
710 1391 775 1436 rem
790 1365 940 1470 consequi
954 1365 1057 1435 solent
1058 1389 1171 1447 ‚expo-

135 1476 246 1518 nemus
249 1460 372 1538 acriter
382 1468 412 1540 et
424 1459 588 1535 criminose
601 1464 632 1516 et
642 1458 770 1536 diligent
772 1474 814 1535 ιιι,
827 1466 865 1517 ut
873 1460 923 1532 agi
934 1475 985 1516 res
999 1465 1029 1516 e
1041 1458 1108 1531 geri
1117 1472 1170 1515 ne

136 1543 254 1614 gotium
268 1543 370 1600 videat
358 1550 408 1600 tur
418 1558 521 1599 rerum
533 1531 797 1612 consequentium
799 1531 1042 1600 enumeratione.
1060 1540 1169 1599 XXXI.

138 1623 190 1683 50.
205 1623 429 1703 Misericordia
431 1623 644 1699 commovebit
633 1629 682 1694 tur
698 1623 906 1694 ιιιιιιιιοιιιιιιε,
928 1625 955 1683 si
976 1624 1091 1681 variam
1107 1624 1168 1681 lor-

138 1712 281 1765 tunarum
299 1690 569 1764 commutationem
582 1689 731 1775 dicemus,
748 1706 774 1763 si
789 1705 1021 1775 ostendemus
1014 1723 1044 1762 m
1057 1706 1169 1776 quibus

139 1786 311 1847 commodis
327 1788 475 1846 fuerimus
493 1786 690 1859 quibusque
683 1804 713 1844 m
728 1786 932 1845 incommodis
952 1787 1064 1854 simae,
1087 1801 1169 1844 com

137 1864 313 1941 paratione:
330 1865 366 1937 si,
390 1880 471 1942 quae
484 1863 576 1926 nobis
589 1864 692 1923 lutura
706 1862 775 1936 sint,
790 1863 851 1922 nisi
866 1880 991 1925 causam
1007 1866 1172 1927 obtinueri-

136 1965 214 2022 mus⁷
231 1948 479 2007 enumerabimus
493 1955 524 2007 et
536 1947 750 2008 ostendemus:
767 1946 794 2006 si
809 1946 1052 2022 supplicabimus
1068 1959 1097 2008 et
1112 1966 1170 2010 nos

73 2023 77 2028 ’
135 2032 193 2090 sub
208 2047 331 2102 eorum,
355 2046 486 2104 quorum
500 2029 742 2112 misericordiam
758 2031 965 2105 superbimus,
986 2041 1171 2106 potestatem

135 2113 349 2173 subiiciemus:
366 2114 403 2186 si,
420 2113 494 2187 quid
509 2113 623 2174 nostris
638 2114 827 2188 parentibus,
842 2114 957 2189 liberis,
973 2116 1103 2176 caeteris
1116 2135 1169 2175 ne-

135 2196 280 2256 cessariis
295 2213 439 2257 casurum
454 2197 493 2255 sit
507 2203 633 2270 propter
648 2205 770 2257 nostras
783 2198 979 2271 calamitates,
994 2199 1169 2273 aperiemus

135 2288 164 2339 ct
180 2279 270 2339 simui
286 2281 485 2341 ostendemus
500 2280 622 2339 illorum
635 2296 695 2338 nos
711 2279 876 2340 solitudine
897 2289 928 2341 et
946 2282 1085 2358 miseria,
1106 2300 1169 2342 non

133 2362 248 2422 nostris
264 2362 468 2424 incommodis
483 2363 604 2423 dolere:
620 2362 702 2421 side
717 2363 887 2436 clementia,
901 2364 1098 2435 humanitate,
1113 2367 1168 2423 mi-

134 2445 302 2506 sericordia
316 2454 431 2520 nostra,
447 2445 553 2520 quain
568 2444 646 2506 alios
663 2445 711 2505 usi
736 2444 842 2518 simus,
857 2447 1047 2521 aperiemus:
1069 2448 1095 2506 si
1111 2465 1169 2508 nos

134 2545 256 2604 semper
276 2538 329 2591 aut
349 2530 402 2592 diu
423 2529 455 2588 in
469 2530 557 2590 malis
574 2529 671 2589 luisse
688 2529 905 2612 ostendemus:
929 2529 956 2589 si
971 2531 1110 2591 nostrum
1125 2533 1168 2591 la-

133 2622 195 2672 tum
209 2621 262 2672 aut
275 2616 429 2675 fortunam
444 2628 683 2688 conqueremur:
706 2612 733 2671 si
746 2612 881 2673 animum
894 2623 1034 2674 nostrum
1049 2616 1168 2688 sortem,

131 2693 298 2770 patientem
311 2697 575 2758 incommodorum
587 2696 786 2755 ostendemus
801 2697 944 2758 laturum.
967 2698 1167 2759 commisera-

133 2779 379 2838 tionembrevem
388 2795 459 2839 esse
467 2785 597 2853 oportet.
618 2778 699 2838 Nihil
711 2778 793 2838 enim
803 2780 929 2838 lacrima
941 2779 1032 2839 citius
1045 2782 1167 2841 arescit.

215 2859 293 2917 Fere
306 2862 395 2922 locos
411 2862 651 2920 obscurissimos
667 2861 759 2920 totius
782 2860 903 2919 artificii
922 2862 1121 2920 tractavimus
1136 2863 1168 2921 in

132 2944 191 3001 hoc
205 2941 299 3012 libro;
318 2950 506 3017 quapropter
518 2942 591 3001 huic
604 2942 753 3001 volumini
764 2944 875 3001 modus
887 2943 938 3001 hic
951 2943 999 3002 sit.
1018 2943 1167 3019 Reliquas

108 3072 110 3077 ,
131 3033 277 3101 praecept
279 3024 378 3101 iones,
394 3027 498 3101 quoad
513 3024 628 3083 videbit
617 3030 674 3097 tur,
690 3024 721 3083 in
737 3032 793 3085 tert
794 3024 857 3085 ium
876 3026 987 3085 librum
1002 3030 1167 3090 transiere-

132 3126 208 3171 mus.
229 3109 356 3169 Haec
331 3127 374 3183 ει,
389 3117 422 3169 ut
437 3108 612 3183 conquisita
628 3107 887 3183 conscripsimus,
902 3109 990 3172 itatu
1005 3112 1131 3189 diligent
1133 3131 1167 3174 er

85 3228 89 3234 -
133 3194 226 3253 fueris
248 3188 451 3266 consecutus,
474 3201 504 3253 et
524 3209 582 3254 nos
597 3192 767 3253 industriae
782 3194 900 3254 fructus
916 3211 957 3255 ex
970 3204 1023 3256 tua
1037 3197 1167 3257 scientia

134 3277 288 3351 capiemus
309 3286 356 3337 et
359 3285 423 3339 tute
444 3285 580 3339 nostram
601 3275 789 3373 diligentiam
803 3278 977 3340 laudabist
966 3287 1081 3354 tuaque
1096 3297 1165 3354 per

133 3360 272 3435 ceptione
287 3362 456 3432 laetabere;
477 3370 511 3423 tu
526 3361 672 3423 scientior
692 3362 754 3421 eris
774 3371 1012 3436 praeceptorum
1026 3362 1166 3427 artificio,

132 3458 189 3504 nos
203 3443 369 3505 alacriores
384 3445 425 3504 ad
438 3444 591 3519 reliquum
604 3447 853 3520 persolvendum.
889 3446 1006 3503 Verum
1026 3445 1102 3497 haec
1119 3441 1164 3490 lu-
