2575 3892
347 179 529 239 uranum.
553 178 772 239 careo-51.
794 183 957 244 §.oa-as.
1132 171 1175 236 97
1275 150 1276 157 ‘

139 333 200 392 sed
219 328 334 391 rectius
355 329 526 402 lecissetiS,
554 328 582 407 si
596 330 700 407 adme
715 330 838 389 domum
851 338 935 390 recta
949 326 1103 393 abissetis.
1119 313 1124 318 ’
1141 330 1176 388 ld
1275 372 1276 405 ,

140 413 340 486 fecissemus,
364 412 507 486 inquiunt
526 411 584 483 illi,
610 410 636 471 si
658 412 782 471 domurn
799 411 1003 472 novissemus.
1035 414 1076 472 At
1091 410 1175 472 istud

143 496 268 572 quidem
289 496 379 556 facile
399 495 455 556 luit
474 493 631 555 undelibet
655 492 802 553 iuvenire.
841 496 955 553 Verum
979 495 1020 555 ite
1043 511 1173 555 mecum.
1275 498 1276 503 ’

138 580 320 654 Sequuntur
340 577 392 638 illi.
429 577 536 638 Sermo
557 576 674 638 interca
694 576 785 637 huius
805 576 994 637 consumitur
1018 578 1116 638 omnis
1141 578 1173 641 iu

140 661 357 722 ostentatione.
386 660 517 735 Quaerit,
532 661 563 719 in
578 659 662 734 agris
678 661 828 723 frumenta
843 659 1015 721 cuiusmodi
1030 659 1104 730 sint;
1120 679 1173 723 ne-

140 753 194 819 gat
209 760 259 816 se,
282 744 355 819 quia
369 743 459 804 villae
473 744 620 804 incensae
636 743 706 815 sint,
722 743 871 803 accedere
885 757 981 818 posse
996 758 1053 802 nec
1068 743 1172 807 aediti-

141 843 213 887 care
225 826 397 888 etiamnunc
408 827 533 889 audere.
560 825 712 899 „Tametsi
724 825 935 887 inTusculano
949 824 1072 900 quidem
1085 825 1174 900 co'opi

140 910 276 970 insanire
292 909 367 970 etin
382 909 493 970 iisdem
509 909 714 971 fundamentis
729 909 925 969 aedificaret
960 909 1008 969 LI.
1023 905 1074 970 64.
1095 908 1175 971 Dum
1220 979 1224 986 ¹
1275 968 1276 971 ,

141 993 218 1052 baec
233 993 376 1068 loquitur,
392 992 475 1054 venit
489 993 521 1052 in
535 994 630 1053 aedes
648 992 806 1067 quasdam,
820 991 851 1052 in
868 988 979 1067 quibus
993 990 1174 1051 sodalicium

57 1122 61 1129 .
141 1083 208 1135 erat
222 1078 331 1136 eodem
346 1076 396 1136 die
411 1078 559 1147 luturum;
576 1092 638 1151 quo
654 1075 713 1136 iste
728 1091 785 1150 pro
801 1075 908 1136 notitia
923 1072 1038 1136 domini
1052 1074 1174 1135 aedium

140 1157 309 1233 ingreditur
324 1163 394 1218 cum
408 1159 591 1233 hospitibus.
619 1159 685 1231 Hic,
700 1158 807 1234 inquit,
823 1158 936 1219 habito.
963 1155 1113 1233 Perspicit
1126 1173 1173 1217 ar·

139 1249 272 1317 gentum,
290 1244 374 1317 quod
388 1250 453 1303 erat
466 1241 655 1318 expositum
674 1241 750 1302 visit
763 1241 924 1307 triclinium
940 1249 1080 1302 stratum:
1100 1257 1173 1316 pro-

140 1326 202 1385 bat.
223 1325 353 1386 Accedit
368 1327 524 1386 servulus:
541 1325 614 1388 dicit
628 1325 744 1386 homini
759 1327 847 1399 clare,
860 1324 1016 1386 dominum
1028 1322 1088 1384 iarn
1100 1340 1172 1383 ven-

140 1417 250 1480 turum,
265 1408 292 1467 si
305 1409 380 1468 velit
395 1409 490 1469 exire.
521 1411 627 1469 itanet
646 1409 763 1485 inquito
783 1426 888 1469 eamus
902 1407 1059 1484 hospites;
1081 1408 1174 1468 trater

140 1491 226 1549 venit
241 1506 280 1548 ex
293 1490 439 1551 Falerno:
464 1508 523 1564 ego
538 1491 581 1550 illi
597 1491 719 1552 obviam
734 1508 874 1565 pergam;
898 1508 954 1551 vos
968 1492 1029 1555 huc
1044 1490 1174 1550 decuma

142 1571 287 1632 venitote.
319 1572 465 1647 Hospites
486 1572 659 1632 discedunt.
694 1574 756 1632 Iste
777 1590 811 1633 se
825 1573 934 1648 raptim
949 1574 1072 1634 domurn
1087 1588 1172 1633 suam

143 1653 281 1724 coniicit;
297 1654 339 1713 illi
355 1656 493 1727 decuma,
510 1671 571 1728 quo
586 1654 729 1728 iusserat,
741 1656 878 1716 veniunt.
907 1656 1061 1728 Quaerunt
1075 1655 1172 1726 hune,

142 1735 314 1811 reperiunt,
340 1737 450 1796 domus
471 1735 540 1795 cuia
561 1736 615 1809 sit,
640 1737 671 1796 in
686 1737 889 1798 diversorium
904 1737 998 1797 derisi
1013 1739 1174 1798 conterunt

143 1836 225 1881 sese.
245 1819 375 1879 Vident
394 1817 548 1880 hominem
568 1829 694 1895 postero
709 1819 773 1891 die;
801 1828 937 1893 narrant,
967 1821 1173 1897 expostulant,

141 1909 299 1964 accusant.
332 1901 385 1963 Ait
404 1902 463 1963 iste
484 1919 540 1963 eos
562 1903 759 1963 similitudine
773 1902 833 1964 loci
848 1905 996 1978 deceptos
1012 1903 1172 1978 angiporto

140 1994 204 2047 toto
221 1986 398 2056 deerrasse3
415 2001 450 2045 se
465 1993 571 2046 contra
584 1987 790 2048 valetudinem
805 2004 893 2047 suam
907 1988 946 2046 ad
961 1994 1081 2047 noctem
1096 1988 1172 2049 mul-

140 2076 202 2129 tam
217 2076 428 2143 exspectasse.
451 2068 599 2130 Sannioni
610 2088 707 2146 puero
720 2073 875 2146 negotium
894 2071 1028 2144 dederat,
1043 2072 1080 2143 ut
1088 2087 1172 2144 vasa,

140 2150 331 2225 vestimenta,
346 2167 461 2227 pueros
474 2163 659 2227 corrogaret.
682 2153 829 2214 Servulus
842 2171 903 2214 non
915 2154 1083 2214 inurbanus
1096 2153 1171 2214 satis

142 2242 266 2295 strenue
280 2243 311 2295 et
325 2235 477 2295 concinne
492 2244 662 2311 comparat;
678 2236 737 2297 iste
751 2234 890 2312 hospites
902 2239 1026 2298 domum
1038 2236 1171 2299 deducit.

140 2316 193 2376 Ait
204 2333 239 2379 se
249 2318 344 2378 aedes
356 2317 505 2379 maximas
518 2319 638 2379 cuidam
650 2320 748 2380 amico
760 2320 800 2381 ad
811 2320 934 2396 nuptias
946 2321 1171 2380 commodasse.

140 2399 262 2462 Nuntiat
282 2417 360 2475 puer
373 2409 532 2477 argentum
546 2403 660 2477 repeti:
686 2403 883 2478 pertimuerat
898 2402 994 2476 enim,
1020 2402 1074 2477 qui
1089 2416 1171 2462 com-

140 2483 287 2545 modarat.
308 2486 432 2560 Apage,
447 2487 562 2563 inquit:
584 2489 681 2549 aedes
697 2485 907 2558 commodavi,
928 2484 1071 2546 familiam
1083 2483 1170 2546 dedi:

140 2574 298 2641 argentum
310 2585 435 2642 quoque
445 2571 531 2630 vult?
544 2571 674 2633 Tametsi
687 2570 826 2645 hospites
836 2571 945 2645 habeo,
958 2577 1059 2631 tamen
1070 2578 1172 2629 utatur

141 2648 221 2721 licet,
235 2666 294 2710 nos
310 2650 420 2710 Samiis
436 2652 663 2715 delectabimur.
697 2653 776 2726 Quid
789 2670 864 2729 ego,
882 2670 961 2728 qnae
977 2653 1088 2713 deinde
1103 2653 1171 2713 elti-

141 2730 210 2801 ciat,
226 2740 367 2789 narrem?
380 2733 545 2794 Eiusmodi
554 2745 602 2794 est
616 2735 748 2795 hominis
760 2746 877 2808 natura,
891 2745 933 2807 ut,
950 2752 1029 2809 quae
1041 2735 1170 2809 singulis

142 2810 252 2871 diebus
273 2813 386 2872 alliciat
406 2815 503 2888 gloria
517 2824 609 2889 atque
619 2817 843 2888 ostentatione,
871 2834 908 2876 ea
921 2816 974 2876 vix
989 2834 1091 2878 annuo
1107 2834 1169 2877 ser·

116 2894 117 2899 ’
141 2908 233 2954 mone
248 2910 391 2953 enarrare
405 2896 533 2968 possim.
560 2896 611 2958 65.
626 2899 810 2959 Huiusmodi
824 2897 1005 2971 notationes
1023 2916 1103 2975 quae
1118 2901 1171 2960 de—

139 2976 293 3047 scribunt,
321 2976 395 3051 quid
415 2987 654 3040 consentaneum
681 2980 721 3040 sit
744 2981 834 3041 unius
860 2980 1010 3058 cuiusque
1035 2993 1169 3059 naturae,

139 3060 339 3120 vehementer
353 3061 467 3122 habent
480 3079 621 3138 magnam
637 3064 879 3126 delectatmnem.
901 3064 1006 3126 Totam
1021 3067 1102 3128 enim
1117 3085 1170 3128 ua-

139 3152 238 3204 turam
264 3144 435 3218 cuiuspiam
460 3156 579 3221 ponunt
598 3155 669 3208 ante
691 3149 798 3209 oculos
818 3158 870 3210 aut
890 3149 1031 3225 gloriosi,
1058 3161 1092 3213 ut
1112 3166 1170 3211 nos

138 3227 275 3303 exempli
297 3243 392 3289 causa
413 3246 630 3305 coeperamuS,
657 3239 709 3292 aut
722 3232 819 3293 invidi
833 3243 885 3294 aut
898 3232 996 3294 timidi
1010 3244 1062 3296 aut
1076 3231 1169 3302 avari,

139 3311 305 3386 ambitiosi,
329 3313 489 3387 amatoris,
506 3314 671 3389 luxuriosi,
691 3315 780 3388 iuris,
801 3318 1065 3392 quadruplatoris;
1087 3315 1171 3374 deni-

180 3409 273 3455 crcsa.
289 3396 311 3455 Ι.
481 3436 482 3439 ¹
950 3405 966 3459 7
