2575 3892
334 206 451 266 trans
465 208 516 266 nr.
540 207 622 268 cnr.
638 216 759 270 ro-n.
782 212 807 274 s.
824 214 945 268 rs-m
1115 205 1158 269 47
1230 189 1231 192 ‘

124 398 125 401 η
201 354 353 429 Dividitur
372 355 464 432 igitur
479 359 685 431 pronuntiatio
708 356 739 416 in
755 357 841 418 vocis
856 359 985 433 figuram
999 358 1074 435 etin
1091 376 1158 433 cor·-
1229 350 1230 355 ’

118 438 205 517 poris
220 447 345 501 motum.
366 439 478 514 Figura
488 437 585 521 *vocis
596 447 644 499 cst
658 440 705 512 ea,
721 455 800 515 quae
811 456 898 500 suum
911 443 1073 515 quemdam
1084 460 1159 518 pos-

107 521 201 583 'sidet
214 516 352 584 habitum
365 522 484 583 ratione
505 531 536 582 et
555 521 706 583 industria
726 532 942 597 comparatum.
979 524 1029 585 20.
1049 528 1094 586 Ea
1114 526 1158 586 di·-

119 607 235 667 viditur
249 607 280 664 in
295 613 359 667 tres
373 614 494 681 partes,
515 606 770 685 magnitudinem,
780 606 1015 683 firmitudinem,
1029 609 1159 679 mollitu-
1235 605 1239 610 '

120 690 235 771 dinem.
270 689 510 779 fflillffilem
524 680 616 752 vocis
627 680 758 750 manime
773 698 930 764 comparat
944 700 1066 764 natura,
1085 709 1161 752 non·
1231 706 1237 717 ·

117 770 196 831 'nihil
229 783 335 851 auget,
369 775 426 834 sed
440 762 571 835 manime
586 782 752 835 conservat
766 790 855 845 cura3
867 771 1093 855 ⁴firmitudinem
1108 790 1161 834 vo-

123 855 170 916 cis
192 856 324 916 maxime
347 867 505 934 comparat
519 874 608 932 cura,
633 857 773 919 nonnihil
787 853 1017 932 adauget,'scd
1031 855 1163 917 maxime
1231 854 1237 867 '

122 949 289 1001 conservat
308 942 385 1003 ratio
401 941 650 1014 declamationis;
671 941 892 1021 mollitudinem
908 941 1010 1014 vooiS,
1031 940 1091 1001 hoo
1106 947 1164 1012 est,
1240 969 1241 980 2

123 1030 157 1083 ut
178 1040 246 1083 eam
266 1032 412 1100 torquere
426 1026 457 1086 in
473 1026 606 1087 dicendo
621 1042 679 1101 pro
695 1034 802 1089 nostro
818 1026 979 1086 commodo
994 1024 1163 1100 possimus,

123 1107 256 1166 maxime
273 1108 363 1169 saciet
377 1110 556 1170 exercitatio
572 1109 815 1170 declamationis.
838 1109 1031 1182 Quapropter
1046 1109 1085 1167 de
1100 1123 1162 1165 ma·
1241 1128 1245 1137 ·

123 1190 284 1265 gnitudine
299 1192 387 1253 vocis
402 1202 433 1254 et
446 1192 641 1254 firmitudinis
656 1201 752 1269 parte,
776 1193 921 1268 quoniam
935 1193 1030 1251 altera
1046 1200 1166 1263 natura,

122 1276 220 1334 altera
234 1291 309 1335 cura
324 1283 533 1352 comparatur,
549 1276 623 1337 nihil
638 1294 696 1337 nos
711 1276 817 1337 attinet
832 1292 1041 1348 commonere,
1056 1274 1116 1334 nisi
1131 1282 1166 1332 ut
1257 1336 1258 1339 ,

122 1359 162 1418 ab
177 1358 233 1432 iis,
250 1358 303 1433 qui
318 1376 381 1421 non
396 1360 486 1421 inscii
502 1368 573 1422 sunt
586 1361 654 1422 eius
667 1359 798 1433 artificii,
813 1359 890 1420 ratio
906 1361 1061 1421 curandae
1075 1357 1165 1418 vocis

123 1449 254 1515 petatur.
289 1443 354 1503 XII.
369 1445 415 1503 De
430 1461 467 1505 ea
480 1453 567 1519 parte
581 1443 791 1527 &mitudinis
808 1460 888 1518 quae
901 1451 1104 1504 conservatur
1117 1458 1164 1499 ra·

125 1523 209 1605 tione
231 1526 479 1600 declamationis,
504 1530 588 1587 etde
603 1526 794 1588 mollitudine
808 1525 914 1599 vocis,
939 1541 1019 1600 quae
1032 1524 1166 1584 maxime

126 1606 306 1667 necessaria
320 1616 368 1669 est
382 1608 512 1684 oratori,
533 1610 679 1684 quoniam
694 1625 731 1669 ca
746 1625 872 1683 quoque
886 1608 1098 1669 moderatione
1113 1609 1165 1665 de-

130 1688 323 1749 clamationis
335 1698 542 1764 comparatur,
557 1689 721 1746 dicendum
732 1688 865 1746 videtur.
886 1684 938 1744 21.
949 1687 1080 1745 Firmam
1093 1700 1168 1756 ergo

129 1772 263 1830 maxime
279 1771 450 1845 poterimus
465 1771 495 1831 in
511 1769 643 1829 dicendo
665 1783 777 1828 vocem
799 1781 1004 1837 conservare,
1027 1767 1052 1825 si
1077 1782 1168 1839 quam

131 1855 263 1916 maxime
286 1855 396 1915 sedata
415 1862 445 1915 et
465 1855 617 1929 depressa
637 1867 718 1912 voce
738 1849 891 1925 principia
910 1850 1059 1909 dicemus.
1094 1849 1169 1907 Nam

128 1939 295 2000 laeduntur
313 1937 460 2011 arteriae,
482 1938 524 2009 si,
547 1942 712 2011 antequam
727 1950 807 1994 voce
821 1934 883 1994 leni
895 1934 1073 2008 permulsae
1087 1940 1169 2005 sunt,

127 2021 192 2083 acri
208 2025 343 2085 clamore
359 2025 562 2098 complentur.
592 2021 629 2079 Et
643 2017 814 2080 intervallis
829 2016 1021 2093 longioribus
1036 2016 1080 2077 uti
1096 2032 1184 2076 con-²

127 2106 244 2179 venien
261 2114 419 2169 recreatur
434 2106 514 2167 enim
529 2104 640 2181 spiritu
656 2121 727 2176 vox,
744 2110 775 2162 et
790 2102 922 2163 arteriae
939 2101 1098 2165 reticendo
1115 2101 1168 2159 ad-

129 2189 308 2265 quiescunt3
321 2199 352 2253 et
364 2191 544 2251 continuum
554 2190 722 2250 clamorem
733 2184 893 2249 remittere
903 2192 934 2245 et
944 2186 984 2245 ad
992 2199 1168 2247 sermonem

127 2274 411 2350 transireoportet3
424 2272 682 2336 commutationes
695 2270 775 2333 enim
783 2269 907 2341 iaciunt,
913 2276 947 2329 ut
957 2272 1042 2330 nullo
1051 2284 1168 2345 genere

126 2358 216 2418 vocis
224 2358 325 2421 effuso
334 2356 364 2418 in
372 2356 455 2419 omni
466 2373 544 2419 voce
553 2355 664 2431 integri
675 2355 783 2416 simus.
799 2354 951 2429 Etacutas
963 2354 1053 2420 vocis
1066 2357 1166 2413 excla-

110 2510 115 2514 ι
127 2432 281 2507 mattiones,
295 2432 395 2507 ,vitate
402 2436 575 2515 [debemus]
583 2461 592 2514 ;
606 2437 686 2497 ictus
708 2435 789 2496 enim
805 2420 896 2495 bier
910 2433 1022 2495 vulnus
1037 2430 1177 2493 arteriae

129 2524 217 2575 acuta
231 2523 324 2591 atque
336 2526 491 2581 attenuata
503 2519 593 2582 nimis
605 2517 836 2593 acclamatione,
852 2525 883 2579 et
895 2518 923 2578 si
935 2517 1005 2594 quis
1018 2517 1167 2592 splendor

130 2606 176 2658 est
189 2599 492 2675 vocis,.tonsumitur
505 2620 567 2664 uno
584 2604 718 2679 clamore
731 2602 914 2683 universum
936 2609 967 2663 et
979 2618 1042 2662 uno
1059 2598 1168 2675 spiritu

33 2680 35 2753 ᾗ
130 2682 320 2744 continenter
333 2678 742 2748 multa'dic'e're'in'extrema
757 2684 902 2748 convenit
922 2685 1076 2746 oratione:
1102 2685 1168 2742 lau-

35 2786 37 2829 .
131 2780 183 2826 ces
207 2765 288 2826 enim
309 2769 454 2832 calefiunt
474 2778 505 2830 et
518 2770 648 2831 arteriae
663 2771 856 2844 complentur
870 2777 901 2828 et
914 2784 994 2839 von,
1015 2783 1095 2841 quae
1108 2772 1167 2824 tra-

133 2856 211 2907 ctata
232 2848 317 2909 varie
337 2859 400 2926 est,
427 2851 584 2913 reducitur
603 2853 636 2911 in
658 2854 822 2926 quemdam
843 2866 954 2911 sonum
975 2847 1169 2922 aequabilem

132 2939 224 3006 atque
239 2940 439 2993 constantem.
463 2932 565 3008 Saepe
577 2950 681 2996 rerum
694 2942 821 2995 naturae
832 2932 929 3007 gratia
940 2932 1091 3006 quaedam
1103 2929 1169 2991 iure

133 3015 275 3089 debetur,
298 3018 381 3077 velut
401 3014 514 3078 accidit
527 3016 559 3076 in
573 3016 631 3077 hac
646 3033 690 3076 re.
724 3017 801 3076 Nam
817 3031 897 3091 quae
912 3015 1045 3076 diximus
1059 3016 1100 3075 ad
1113 3030 1171 3076 vo-

134 3114 198 3160 cem
210 3102 457 3163 conservandam
467 3101 631 3176 prodesse,
644 3099 935 3162 eadematlinentad
943 3098 1169 3161 suavitudinem

134 3184 402 3258 pronuntiationis,
420 3194 462 3261 ut,
478 3186 562 3261 quod
577 3193 702 3248 nostrae
715 3183 787 3246 voci
798 3183 905 3260 prosit,
920 3182 1002 3246 idem
1016 3187 1172 3260 voluptati

135 3267 280 3330 auditoris
294 3270 451 3344 probetur.
473 3268 525 3331 22.
541 3269 621 3332 Utile
636 3271 739 3331 estad
753 3268 1092 3364 firnritudinemsedata
1108 3280 1170 3325 vox

134 3347 431 3433 mprinciptiuid
442 3352 603 3416 insuavius
625 3370 718 3430 quam
730 3355 844 3415 clamor
855 3353 886 3413 in
898 3348 1170 3440 exordrdcausael

135 3428 293 3497 intervatta
306 3452 416 3499 vocem
431 3437 627 3511 confirmant3
644 3438 754 3500 eadem
769 3436 937 3499 sententias
953 3430 1171 3521 concinatores
