2575 3892
1157 3 1186 107 l

1260 76 1261 89 l

1182 122 1187 131 ·
1260 104 1261 165 l

1260 3072 1261 3081 t

1260 3102 1261 3117 l

1260 3130 1261 3141 l

1260 3144 1261 3153 t

1260 3156 1261 3163 t

1260 3176 1261 3185 t

1260 3212 1261 3221 t

1260 3226 1261 3233 t

147 152 206 212 174
512 155 563 213 DE
586 153 819 214 INVENTIONE
1161 166 1205 220 ῃ

144 336 206 381 non
222 320 299 379 recti
316 319 530 394 quaestionem
546 321 691 382 continet.
716 320 761 379 Ea
776 325 824 380 est
836 316 1068 385 huiuscemodi:
1088 324 1196 398 Quum

144 403 280 464 Thebani
293 403 557 466 Lacedaemonios
572 406 654 465 bello
670 403 907 479 superavissent
921 410 952 462 et
971 404 1038 463 lere
1052 422 1127 468 mos
1145 425 1195 470 es-

143 496 190 546 set
199 485 307 560 Graiis,
319 502 414 563 quum
424 488 505 550 inter
515 505 551 550 se
561 489 676 550 bellurn
687 487 911 564 gessissentut
920 487 950 560 ii,
959 487 1013 564 qui
1024 489 1195 566 vicissent,

142 578 304 646 tropaeum
326 570 454 646 aliquod
474 572 505 633 in
527 573 640 633 linibus
663 578 833 635 statuerent
854 570 1007 632 victoriae
1031 575 1131 636 modo
1159 578 1192 636 in

140 656 348 730 praesentiam
367 656 574 717 declarandae
588 673 700 729 causa,
721 673 784 716 non
804 664 838 716 ut
858 655 888 715 in
908 663 1100 732 perpetuum
1114 660 1193 721 belli

141 739 290 800 memoria
300 747 448 813 maneret,
462 745 593 802 aeneum
607 747 782 802 statuerunt
794 746 968 815 tropaeum.
985 743 1193 804 accusantur

142 826 226 902 apud
240 823 497 903 Amphictyonas,
518 821 622 899 idest,
643 824 728 899 apud
743 839 904 884 commune
919 823 1068 886 Graeciae
1084 830 1186 890 consi

142 911 225 970 lium.
249 907 298 970 70.
314 907 446 969 intentio
462 916 526 968 θεῖε
539 908 608 968 Non
623 907 769 983 oportuit.
789 906 939 982 Depulsio
955 915 1020 969 est:
1036 908 1192 985 Oportnit

143 993 288 1067 Quaestio
311 1000 373 1053 θεῖε
399 990 636 1067 oponnerirner
658 991 748 1053 Ratio
770 999 832 1051 cst:
857 991 933 1051 Eam
954 991 1035 1053 enim
1049 1010 1093 1054 ex
1106 996 1194 1057 bello

143 1077 271 1151 gloriam
284 1075 396 1137 virtute
407 1075 607 1151 peperimus,
626 1082 661 1135 ut
675 1074 742 1135 eius
758 1083 883 1136 aeterna
901 1073 1035 1151 insignia
1048 1079 1191 1152 posteris

142 1161 257 1222 nostris
277 1159 452 1233 relinquere
466 1161 626 1219 vellemus.
660 1158 827 1220 infirmatio
842 1167 904 1219 cst:
930 1162 1072 1222 Attamen
1088 1173 1191 1223 aeter

142 1260 215 1303 num
236 1242 460 1303 inimicitiarum
483 1251 714 1303 monumentum
735 1241 844 1302 Graios
867 1243 906 1302 de
926 1243 1023 1304 Graiis
1048 1252 1195 1307 statuere

141 1345 203 1387 non
220 1334 360 1401 oportet
386 1325 535 1386 Iudicatio
551 1334 614 1386 est:
641 1325 740 1401 Quum
756 1342 893 1387 summae
907 1327 1023 1387 virtutis
1038 1332 1194 1389 concele-

142 1410 278 1471 brandae
300 1425 395 1471 causa
416 1408 499 1469 Graii
519 1410 559 1469 de
575 1409 674 1470 Graiis
695 1418 854 1472 aeternum
874 1409 1095 1470 inimicitiarum
1116 1427 1192 1473 mo-

143 1503 320 1555 numentum
337 1501 517 1568 statucrunt,
532 1503 657 1554 rectene
673 1511 713 1554 an
728 1503 835 1556 contra
849 1494 998 1555 iecerintt
1010 1495 1098 1555 Hanc
1113 1494 1190 1556 ideo

142 1581 293 1641 rationem
313 1576 516 1658 subiecimus,
542 1587 576 1640 ut
596 1580 656 1640 hoc
678 1595 793 1639 causae
812 1595 910 1654 genus
924 1579 1041 1653 ipsum,
1066 1579 1191 1654 dequo

144 1665 279 1740 agimus,
305 1672 554 1738 cognosceretur.
587 1663 664 1723 Nam
679 1663 790 1724 sicam
805 1663 1098 1738 supposuissemus,
1126 1681 1189 1739 qua

143 1751 276 1810 tortasse
290 1746 339 1807 usi
354 1754 440 1807 sunt=
453 1747 521 1808 Non
536 1745 616 1808 enim
631 1746 712 1808 iuste
723 1763 825 1823 neque
837 1748 888 1823 pie
899 1748 1012 1807 bellum
1023 1747 1189 1823 gessistis;

142 1833 172 1891 in
194 1831 375 1893 relationem
390 1829 525 1892 criminis
540 1832 768 1905 delaberemur,
795 1832 834 1892 de
850 1848 911 1907 qua
926 1840 1000 1907 post
1013 1834 1191 1908 loquemur.

142 1917 313 1990 Utrumque
326 1923 429 1975 autem
444 1931 558 1976 causac
572 1931 671 1990 genus
686 1914 717 1974 in
732 1916 811 1975 hanc
827 1931 953 1976 causam
968 1914 1104 1976 incidere
1114 1931 1190 1990 per-

143 2000 284 2073 spicuum
306 2007 362 2059 est.
398 2001 433 2057 ln
453 1998 534 2059 hanc
554 2000 836 2073 argumentationes
856 2016 895 2059 ex
915 1998 1028 2060 iisdem
1041 1998 1117 2059 locis
1133 2016 1189 2059 su-

143 2084 273 2142 mendae
294 2091 366 2141 sunt
386 2090 480 2157 atquc
501 2082 532 2142 in
548 2099 673 2144 causam
689 2086 889 2159 negotialem,
922 2100 986 2159 qua
1000 2085 1040 2143 de
1054 2091 1124 2143 ante
1142 2084 1189 2142 di-

143 2176 224 2227 ctum
245 2174 302 2227 est.
336 2163 386 2227 tl.
407 2166 511 2227 Locos
525 2168 627 2227 autem
642 2183 820 2229 communes
837 2176 921 2229 etex
936 2167 1132 2242 causaipsa,
1161 2168 1190 2227 si

143 2252 218 2327 quid
233 2251 322 2311 inerit
336 2249 556 2326 indignationis
571 2259 624 2312 aut
639 2251 887 2328 conquestionis,
915 2259 946 2312 ct
961 2267 1000 2311 ex
1015 2251 1091 2311 iuris
1106 2251 1187 2311 utili

143 2345 202 2396 tale
224 2345 255 2396 et
274 2345 384 2395 natura
403 2337 516 2395 multos
538 2344 568 2396 et
587 2352 700 2411 graves
722 2352 843 2396 sumere
857 2335 961 2396 licebit
974 2344 1006 2395 et
1020 2335 1189 2409 oportebit,

143 2420 169 2479 si
185 2437 298 2478 causae
314 2419 447 2492 dignitas
461 2419 615 2479 videbitur
629 2421 797 2495 postulare.
830 2420 939 2480 XXIV.
959 2419 1043 2478 Nunc
1059 2419 1187 2478 adsum-

142 2502 256 2575 ptivam
271 2510 390 2574 partem
403 2501 584 2562 iuridicialis
600 2503 845 2566 consideremus.

221 2584 427 2660 Adsumptiva
440 2583 532 2659 igitur
543 2592 606 2646 lum
618 2586 736 2660 dicitur,
754 2605 849 2664 quum
859 2587 962 2664 ipsum
971 2602 1012 2647 ex
1024 2601 1058 2646 se
1071 2584 1193 2645 lactum

142 2667 267 2745 probari
287 2685 349 2729 non
370 2676 487 2744 potest,
516 2669 620 2745 aliquo
636 2679 738 2733 autem
753 2672 829 2733 loris
842 2672 989 2732 adiuncto
1004 2679 1192 2744 argumento

141 2752 324 2814 defenditur.
358 2753 434 2814 Eius
454 2763 564 2830 partes
576 2764 647 2816 sunt
662 2765 820 2831 quattuor=
846 2755 1051 2832 comparatio,
1075 2753 1192 2813 relatio

142 2837 292 2910 criminis,
312 2839 443 2899 remotio
459 2837 611 2912 criminis,
633 2840 808 2902 concessio.
845 2837 896 2903 la.
918 2838 1112 2916 Comparatio
1129 2846 1188 2910 est,

142 2940 236 2998 quum
251 2923 378 2997 aliquod
393 2924 514 2995 lactum,
531 2925 616 2998 qnod
630 2941 686 2998 per
698 2941 732 2986 se
743 2925 845 3001 ipsum
855 2941 918 2985 non
931 2923 970 2984 sit
982 2921 1189 2999 probandum,

142 3023 180 3066 ex
196 3024 243 3079 eo,
268 3007 356 3066 cuius
371 3005 403 3065 id
420 3022 515 3066 causa
529 3008 642 3067 lactum
658 3017 715 3082 est,
738 3007 921 3071 defenditur.
957 3008 1003 3066 Ea
1016 3014 1066 3067 est
1078 3005 1188 3065 huius-

140 3090 239 3150 modi:
263 3091 390 3164 Quidam
405 3089 579 3164 impcrator,
596 3108 690 3166 quum
704 3094 743 3152 ab
757 3092 899 3154 hostibus
909 3091 1189 3157 circumsederetur

140 3188 243 3244 neque
265 3173 402 3249 effugere
416 3176 478 3235 ullo
494 3175 587 3235 modo
602 3184 726 3250 posset,
753 3178 903 3253 depactus
919 3185 968 3238 est
981 3192 1052 3238 cum
1067 3174 1129 3247 eis,
1154 3182 1190 3232 ut
1260 3240 1261 3243 ¹

141 3266 225 3340 arma
246 3263 276 3312 et
295 3257 514 3329 impedimenta
532 3257 735 3333 relinqueret,
759 3260 870 3321 milites
893 3262 1054 3329 educeret3
1081 3258 1188 3332 itaque
1260 3262 1261 3333 l

142 3331 229 3393 secra
256 3338 349 3426 armis
370 3347 401 3396 et
416 3339 648 3413 impedimentis
668 3343 791 3405 amissis
812 3352 936 3418 praeter
959 3360 1048 3418 spem
1072 3340 1187 3400 milites
1260 3340 1261 3397 l

142 3421 347 3470 conservavit.
381 3420 555 3483 Accusatur
580 3424 757 3485 maiestatis.
794 3427 924 3486 incurrit
948 3427 1009 3485 huc
1036 3422 1189 3484 delinitio.
1260 3434 1261 3503 l
