2575 3892
115 182 177 244 roa
489 182 540 240 nn
555 182 788 241 rnvnunoun
999 146 1031 241 J
1144 197 1167 249 o

114 339 209 396 multo
229 332 413 394 rhetoricam
434 332 524 393 citius
540 332 610 409 quis
625 332 787 407 ademerit,
815 349 906 409 quam
920 332 1162 409 philosophiam

114 417 320 480 concesserit:
346 433 447 491 neque
468 434 523 488 eo,
551 418 635 492 quod
657 416 724 477 eius
739 433 805 491 ars,
831 434 923 492 quam
938 415 1050 491 edidit,
1076 419 1161 479 mihi

113 500 352 561 mendosissime
373 499 489 573 scripta
508 500 664 570 videatur;
690 516 760 560 nam
780 500 855 561 satis
875 501 906 559 in
922 517 960 559 ea
974 500 1095 562 videtur
1110 519 1161 562 ex

112 584 248 659 antiquis
263 585 379 645 artibus
394 583 555 658 ingeniose
569 594 599 643 et
610 582 771 658 diligenter
783 586 897 644 electas
910 600 962 643 res
975 585 1157 647 collocasse

113 677 145 727 ct
163 667 301 727 nonnihil
322 668 391 742 ipse
407 683 531 742 quoque
546 666 619 726 novi
633 666 815 741 protulisse;
842 682 949 728 verum
965 670 1079 730 oratori
1094 670 1155 730 mi-

112 751 226 811 nimum
242 760 289 811 est
303 752 342 811 de
356 760 422 812 arte
436 749 530 825 loqui,
546 750 630 825 quod
644 749 694 813 hic
709 750 796 820 fecit;
818 752 912 811 multo
927 752 1093 814 maximum
1109 770 1156 813 cx

112 845 178 896 arte
198 834 316 907 dicere,
343 835 522 910 quodcum
548 833 671 893 minime
696 833 837 908 potuisse
863 852 970 895 omnes
994 836 1153 899 videmus,

111 920 178 978 Vll.
200 918 230 980 9.
242 917 343 990 Quare
357 915 485 977 materia
501 915 626 990 quidem
640 918 731 979 nobis
743 919 917 979 rhetoricae
932 920 1057 980 videtur
1068 923 1158 997 artis²

112 1019 205 1078 quam
218 1002 376 1063 Aristoteli
390 1001 487 1060 visam
502 1016 574 1062 esse
589 1000 738 1070 diximus;
755 1009 859 1075 partes
870 1008 972 1060 autem
988 1018 1052 1075 eae,
1069 1018 1151 1077 quas

111 1087 251 1161 plerique
266 1082 422 1158 dixerunt,
444 1085 594 1157 inventio,
617 1083 798 1159 dispositio,
819 1084 966 1157 elocutio,
988 1086 1149 1159 memoria,

110 1169 329 1244 pronuntiatio.
372 1169 511 1229 inventio
533 1176 580 1228 εει
601 1167 786 1241 excogitatio
810 1182 912 1228 rerum
932 1184 1073 1229 verarum
1093 1178 1150 1230 aut

110 1253 177 1312 veri
192 1252 349 1324 similium,
372 1268 451 1327 quae
466 1267 591 1312 causam
605 1249 795 1325 probabilem
809 1251 955 1322 reddant;
981 1251 1147 1327 dispositio

111 1345 160 1396 est
179 1352 281 1395 rerum
300 1335 492 1396 inventarum
513 1335 544 1394 in
565 1333 704 1394 ordinem
724 1332 915 1406 distributim
943 1335 1072 1397 elocutio
1095 1344 1148 1396 est

109 1418 293 1480 idoneorum
307 1420 472 1480 verborum
482 1427 512 1479 et
523 1417 741 1478 sententiarum
753 1419 793 1478 ad
804 1416 1010 1481 inventionem
1022 1434 1146 1478 accom-

110 1502 261 1575 modati03
290 1502 437 1564 memoria
457 1510 505 1562 est
525 1502 613 1560 firma
632 1500 727 1561 animi
746 1517 848 1575 rerum
867 1518 905 1563 ac
925 1504 1089 1563 verborum
1103 1503 1146 1562 ad

108 1586 318 1648 inventionem
333 1584 507 1663 perceptio;
529 1585 735 1660 pronuntiatio
759 1576 860 1647 estex
873 1602 976 1647 rerum
990 1587 1145 1646 etvcrbo-

108 1688 177 1734 rum
197 1670 343 1746 dignitate
365 1670 450 1729 vocis
473 1679 504 1730 ει
518 1669 659 1745 corporis
674 1669 853 1729 moderatio.
887 1670 974 1731 Nunc
988 1669 1037 1729 his
1051 1671 1145 1731 rebus

108 1755 243 1817 breviter
257 1753 440 1828 constitutis,
456 1769 511 1814 eas
524 1753 669 1827 rationes,
687 1752 799 1828 quibus
811 1755 975 1814 ostendere
985 1754 1144 1829 possimus

108 1855 207 1914 genus
228 1849 260 1900 et
273 1837 366 1898 linem
387 1845 418 1897 ει
440 1838 575 1899 osticium
587 1836 678 1897 huius
693 1837 781 1909 artis,
808 1837 891 1896 aliud
906 1834 936 1896 in
951 1846 1072 1912 tempus
1088 1838 1144 1897 dif-

108 1925 254 1982 feremus.
287 1924 364 1980 Nam
377 1930 407 1981 et
421 1922 582 1980 multorum
596 1921 761 1980 verborum
775 1920 912 1995 indigent
925 1929 956 1982 ει
970 1938 1032 1980 non
1047 1929 1142 1982 tanto-

109 2020 183 2080 pere
198 2005 238 2062 ad
252 2004 325 2063 artis
342 2002 579 2077 descriptionem
593 2012 625 2063 et
638 2013 806 2079 praecepta
819 2005 968 2064 tradenda
982 2005 1142 2081 pertinent.
1157 1997 1164 2007 ⁹

109 2089 309 2158 humentem,
327 2084 380 2160 qui
394 2094 489 2145 artem
499 2085 683 2146 rhetoricam
695 2086 817 2160 scribat,
834 2089 873 2147 de
885 2089 1005 2150 duabus
1016 2087 1143 2164 reliquis

107 2172 218 2242 rebus,
241 2171 280 2229 de
294 2169 421 2229 materia
434 2168 509 2231 artis
524 2169 713 2246 aepartlbus
729 2170 865 2232 scribere
880 2180 1024 2248 oportere
1039 2172 1143 2232 existi-

108 2268 237 2314 mamus.
259 2255 306 2312 Ac
320 2252 393 2313 mihi
410 2253 533 2328 quidem
550 2253 669 2314 videtur
685 2254 848 2315 coniuncte
863 2257 1016 2330 agendum
1031 2258 1070 2316 de
1081 2272 1143 2316 ma-

65 2372 68 2376 ·
109 2338 185 2401 teria
200 2354 236 2398 aa
251 2338 399 2414 partibus.
422 2337 522 2410 Quare
536 2337 681 2410 inventio,
699 2355 779 2413 quae
793 2337 939 2414 princeps
951 2346 998 2400 est
1010 2341 1143 2400 omnium

107 2422 248 2498 partium,
264 2420 458 2495 potissimum
472 2421 503 2480 in
515 2421 597 2480 omni
608 2438 769 2481 causarum
780 2437 902 2496 genere,
919 2422 1018 2498 qualis
1032 2424 1144 2484 debeat

108 2520 190 2576 esse,
212 2504 435 2564 consideretur.
778 2542 782 2551 ψ

188 2586 269 2645 Vlll.
293 2584 343 2647 10.
365 2585 469 2646 Omnis
490 2603 557 2659 res,
585 2604 665 2663 quae
686 2587 779 2648 habet
798 2587 829 2648 in
851 2606 886 2649 se
905 2590 1036 2665 positam
1049 2586 1081 2646 in
1096 2588 1140 2647 ‹li-

108 2670 209 2732 ctione
223 2685 260 2730 ac
275 2669 498 2746 disceptatione
513 2671 646 2746 aliquam
660 2672 916 2745 controversiam,
939 2681 992 2734 aut
1006 2671 1076 2734 lacti
1091 2682 1143 2732 aut

107 2754 240 2817 nominis
254 2761 307 2815 aut
320 2754 442 2828 generis
458 2763 510 2815 aut
524 2755 654 2815 actionis
670 2755 805 2819 continet
820 2757 1043 2831 quaestionem.
1068 2755 1142 2822 Eam

105 2839 198 2915 igitur
220 2839 446 2916 quaestionem,
474 2856 512 2898 ex
535 2855 596 2912 qua
611 2854 707 2899 cansa
720 2839 870 2914 nascitur,
897 2838 1142 2901 constitutionem

81 2938 84 2943 ·
106 2927 326 2999 appellamus·
347 2921 529 2984 constitutio
552 2932 600 2983 est
622 2921 721 2997 prima
742 2922 897 2985 conflictio
920 2940 1083 2984 causarum
1104 2937 1141 2982 ex

106 3007 291 3078 depulsione
316 3005 492 3086 intentionis
518 3006 673 3081 prolecta,
699 3007 758 3067 hoc
783 3009 893 3067 modo:
922 3007 1046 3068 Fecisti.
1076 3007 1140 3064 Non

107 3087 181 3157 leci,
203 3097 271 3147 aut:
297 3090 366 3149 lure
381 3088 451 3149 leci.
487 3089 672 3162 Quumlacti
687 3090 975 3164 controversiolam,
999 3089 1141 3166 quoniam

106 3167 292 3229 coniecturis
314 3187 409 3231 causa
429 3172 574 3244 firmatur,
602 3173 779 3235 constitutio
800 3173 1015 3235 coniecturalis
1037 3173 1141 3248 appel-

106 3252 194 3307 latur.
212 3253 311 3322 Quum
323 3263 424 3313 autem
436 3257 578 3327 nominis,
596 3258 742 3331 quoniam
752 3257 801 3318 vis
808 3258 952 3318 vocabuli
967 3255 1141 3316 delinienda

107 3329 209 3387 verbis
225 3339 280 3400 est,
297 3334 473 3395 constitutio
484 3338 643 3398 definitiva
654 3339 834 3400 nominatur.
858 3341 958 3412 Quum
968 3357 1053 3412 vero,
1069 3353 1140 3412 qua-

107 3408 145 3466 lis
159 3425 211 3466 res
227 3409 275 3483 sit,
291 3413 455 3486 quaeritur,
473 3419 545 3488 quia
560 3430 590 3478 et
604 3422 643 3480 de
657 3420 690 3480 vi
705 3423 788 3482 etde
803 3438 916 3496 genere
931 3421 1045 3496 negotii
1070 3437 1140 3480 can*
