2575 3892
118 210 159 264 29
352 201 506 262 ursuni.
529 170 748 263 cunei—sa
771 207 935 268 aar-ss.
1103 203 1162 266 131
1263 164 1264 237 Ϊ

122 349 319 410 suadendum
331 349 472 420 volebat
495 349 552 408 sed
566 365 607 408 ex
620 365 676 422 ec,
697 351 782 424 quod
797 349 854 410 sibi
869 350 920 411 ille
934 352 1074 423 dederat,
1049 351 1163 427 tqui-
1263 408 1264 413 ,

122 450 195 493 cum
218 431 412 526 disputabat,
442 430 560 506 aliquid
585 432 740 493 conficere
765 433 911 521 malebat,
885 435 1032 508 tquod
1047 436 1098 496 ille
1124 452 1164 495 ex

121 533 179 587 eo,
207 514 322 589 quod
314 530 375 573 ram
396 513 620 587 concessisset,
647 504 825 575 necessario
841 517 1014 591 approbare
1027 519 1163 579 deberet
1263 524 1264 565 ἲ

119 599 243 660 XXXII
258 597 348 657 Hoc
340 614 372 656 rn
387 613 500 671 genere
513 597 767 673 praecipiendum
782 597 873 659 nobis
886 598 973 658 videt
961 607 1009 658 tur
1022 600 1162 695 primum,

120 682 256 754 utillud,
277 681 362 755 quod
379 680 559 740 inducemus
573 697 630 755 per
646 681 750 743 similit
738 681 884 754 tudinem,
900 680 1052 741 eiusmodi
1069 682 1116 755 sit,
1130 694 1163 745 ut
1263 718 1264 721 =

122 766 166 826 sit
185 780 317 825 necesse
333 763 473 824 concedi.
508 765 584 825 llam
599 781 640 825 ex
655 781 717 840 quo
733 763 959 841 postulabimus
974 763 1064 824 nobis
1079 765 1162 838 illud,
1263 820 1264 825 ,

122 849 211 925 quod
225 845 351 907 dubium
363 847 421 920 sit,
442 847 581 920 concedi,
603 849 729 908 dubium
745 864 818 909 esse
831 848 863 907 id
878 847 981 922 ipsum
995 864 1057 907 non
1072 862 1163 921 opor-

120 931 208 992 tebit.
241 930 363 991 Deinde
382 928 474 1004 illud,
500 930 589 991 cuius
610 931 813 993 confirmandi
834 947 931 991 causa
951 931 1004 990 liet
1018 929 1164 1005 inductio,

121 1014 292 1074 videndum
307 1022 364 1086 est,
379 1022 413 1073 ut
427 1013 526 1073 simile
539 1013 579 1074 iis
591 1015 687 1075 rebus
703 1015 751 1089 sit,
767 1031 846 1088 quas
860 1030 912 1074 res
929 1013 1018 1088 quasi
1032 1029 1094 1072 non
1110 1014 1164 1073 du·
1263 1060 1264 1063 ,

92 1134 97 1139 -
121 1097 192 1158 bias
212 1105 284 1158 ante
297 1094 508 1158 induxerimus
519 1130 563 1142 -
575 1114 647 1158 nam
662 1097 779 1174 aliquid
793 1106 863 1158 ante
878 1112 1063 1158 concessum
1075 1095 1165 1157 nobis
1263 1174 1264 1177 Ἴ

121 1197 197 1240 esse
212 1179 286 1239 nihil
300 1180 454 1255 pioderit,
480 1180 507 1240 si
522 1181 551 1240 ei
566 1179 715 1242 dissimile
730 1180 787 1243 en't
800 1180 849 1252 id,
877 1181 965 1240 cuius
981 1196 1076 1241 causa
1090 1178 1166 1238 illud
1263 1184 1264 1187 ’

123 1260 256 1324 concedi
270 1262 402 1338 primum
416 1263 605 1325 voluerimus
618 1290 678 1335 -.-;
693 1263 805 1324 deinde
822 1278 913 1323 nemo
929 1264 1086 1340 intelligat,
1101 1279 1163 1338 quo
1263 1266 1264 1309 3

122 1354 265 1422 spectent
283 1345 355 1406 illae
376 1346 494 1422 primae
514 1347 710 1409 inductiones
733 1356 764 1407 et
785 1347 825 1406 ad
846 1363 938 1422 quem
964 1347 1025 1407 siut
1050 1346 1165 1407 exitum

122 1438 341 1503 perventurae.
361 1428 413 1490 54.
426 1429 503 1489 Nam
518 1431 571 1505 qui
584 1430 679 1504 videt,
695 1430 723 1490 si
737 1430 765 1490 ei
780 1426 834 1501 rei,
852 1446 944 1504 quam
959 1430 1058 1504 primo
1073 1447 1164 1504 roge-

123 1521 183 1582 tur,
197 1519 282 1570 recte
296 1510 480 1584 adsenserit,
493 1511 577 1570 illam
592 1511 718 1587 quoque
731 1528 806 1583 rem,
822 1528 901 1584 quoe
918 1512 978 1571 sibi
993 1511 1165 1587 displiceat,

124 1609 199 1669 esse
219 1592 399 1652 necessario
420 1592 667 1664 concedendam,
691 1594 873 1667 plerumque
893 1603 1021 1654 autnon
1035 1609 1164 1668 respon-

85 1730 88 1734 .
126 1674 229 1736 dendo
251 1678 304 1736 aut
322 1677 403 1735 male
416 1676 637 1748 respondendo
653 1675 774 1748 longius
788 1675 979 1749 rogationem
994 1678 1164 1750 procedere
1263 1690 1264 1757 ξ

124 1776 188 1819 non
203 1756 285 1818 sinit
321 1757 421 1831 Quare
434 1756 554 1816 ratione
568 1756 737 1832 rogationis
752 1756 931 1832 imprudens
944 1760 984 1817 ‘ab
1000 1774 1054 1830 eo,
1080 1760 1163 1833 quod
1263 1816 1264 1839 2

125 1839 291 1915 concessit,
312 1839 409 1915 adid,
431 1841 516 1915 quod
531 1857 592 1900 non
606 1841 672 1900 vult
687 1841 868 1911 concedere,
891 1841 1092 1902 deducendus
1107 1853 1164 1902 est.
1263 1886 1264 1921 3

123 1925 302 1986 Extremum
326 1931 429 1984 autem
454 1931 507 1983 aut
529 1931 667 1986 taceatur
691 1931 814 1999 oportet
833 1932 885 1984 aut
906 1925 1093 1985 concedatur
1113 1933 1166 1985 aut

123 2016 260 2082 negetur.
297 2004 331 2067 Si
345 2004 521 2081 negabitur,
543 2015 596 2067 aut
610 2015 660 2067 ost
648 2004 803 2067 tendenda
818 2004 920 2068 similit
921 2009 982 2069 udo
998 2015 1046 2068 est
1057 2019 1162 2063 earum

122 2101 234 2158 rerum,
252 2103 332 2160 quae
345 2094 418 2147 ante
434 2101 604 2145 concessae
617 2092 698 2159 sunt,
710 2093 764 2146 aut
777 2084 837 2146 alia
850 2085 998 2145 utendum
1013 2093 1062 2145 est
1073 2083 1160 2143 indu·

125 2167 236 2227 ctione.
258 2169 292 2229 Si
309 2169 507 2249 concedetur,
524 2167 739 2228 concludenda
753 2175 802 2228 est
815 2167 1049 2242 argumentatio
1066 2160 1099 2222 si
1114 2172 1158 2221 ta-

124 2250 251 2322 cebitur,
267 2250 417 2311 elicienda
427 2251 591 2326 responsio
605 2258 654 2310 cst
664 2256 725 2322 aut,
739 2250 884 2335 quoniam
896 2249 1084 2310 taciturnitas
1097 2247 1160 2306 imi·

123 2339 206 2393 tatur
220 2334 460 2406 confessionem,
475 2349 533 2408 pro
547 2349 599 2407 eo,
615 2349 653 2393 ae
668 2334 695 2393 sl
710 2348 894 2393 concessum
909 2331 957 2403 sit,
973 2330 1158 2392 concludere
1263 2364 1264 2373 .

124 2417 279 2490 oportebit
293 2410 600 2492 argumentationem.
626 2416 673 2475 lta
689 2416 724 2477 tlt
738 2415 798 2476 hoe
813 2430 915 2490 genus
928 2420 1087 2489 argument
1075 2409 1161 2471 tandi

123 2500 321 2574 tripertitum:
338 2499 438 2576 prima
448 2516 521 2575 pars
534 2516 574 2558 ex
588 2497 786 2559 similitudine
801 2506 995 2558 constatura
1006 2496 1158 2571 pluribus-

123 2599 178 2653 ve3
194 2586 289 2643 altera
302 2600 341 2642 cx
352 2601 400 2655 eo,
414 2584 499 2658 quod
511 2581 642 2643 concedi
652 2584 803 2653 volumus,
816 2582 903 2641 cuius
916 2594 1011 2640 causa
1023 2581 1160 2640 similitu-

125 2664 450 2727 dinesadlnibitaesunt
457 2665 568 2738 ;tertia
578 2682 619 2725 ex
630 2664 840 2736 conclusione,
849 2680 929 2739 qliae
939 2664 1161 2724 autconlirmat

127 2748 362 2807 concessionem
376 2758 428 2809 aut
442 2749 519 2823 quid
534 2755 573 2808 ex
594 2764 631 2807 ea
646 2748 829 2808 conficietur
844 2747 989 2807 ostendit.
1024 2746 1158 2805 XXXlll.

127 2829 176 2887 ot.
185 2829 248 2888 Sed
260 2830 404 2902 quianon
416 2831 491 2891 satis
503 2831 594 2899 alicui
602 2830 896 2892 videbiturdilucide
907 2829 1159 2899 demonstratum,

127 2910 184 2973 nisi
206 2911 281 2987 quid
303 2926 342 2971 ex
363 2912 443 2972 civili
465 2928 628 2975 causarum
642 2929 757 2987 genere
780 2910 911 2985 exempli
927 2910 1158 2981 subiecerimus,

125 2997 247 3056 videtur
259 2995 411 3055 eiusmodi
423 3011 549 3070 quoque
562 2996 709 3056 utendum
722 2999 948 3071 exemplunm
961 3009 1022 3068 quo
1034 3010 1161 3069 praece-

125 3081 189 3156 ptio
204 3078 328 3140 differat
349 3079 508 3139 aut'aliter
524 3078 584 3140 hoc
603 3078 634 3138 in
656 3094 800 3141 sermone
814 3085 908 3153 atque
928 3078 957 3136 in
973 3077 1104 3137 dicendo
1122 3075 1161 3138 sit

125 3163 281 3235 utendum,
297 3163 355 3222 sed
369 3170 404 3223 ut
418 3179 525 3223 eorum
540 3162 693 3224 voluntati
708 3163 784 3224 satis
798 3163 861 3234 ilat,
878 3159 939 3236 qui,
956 3162 1041 3235 quod
1056 3160 1160 3236 aliquo

119 3248 155 3307 in
169 3251 237 3308 loco
250 3247 404 3319 viderunt,
418 3247 502 3308 elio
493 3264 524 3308 rn
541 3249 622 3320 loco,
637 3246 697 3307 nisi
711 3252 863 3307 monstrat
863 3262 924 3316 um,
936 3252 1095 3320 nequeunt
1110 3260 1160 3302 co·

128 3347 287 3406 gnoscere
299 3331 402 3406 Ergo
394 3348 425 3390 m
435 3330 495 3390 hac
506 3345 600 3390 causa
603 3344 700 3405 ,quae
711 3327 938 3405 apudGraecos
951 3336 999 3387 est
1010 3339 1162 3418 pervagu-

67 3412 70 3417 “
127 3422 272 3490 tequam
281 3413 523 3490 Epaminondas,
534 3414 750 3474 Thebanorum
764 3413 939 3486 imperator,
959 3409 1043 3483 quod
1055 3422 1092 3471 er
1103 3403 1155 3473 qui

907 3500 947 3558 9*
