2575 3892
395 181 622 230 MEMORABlLlA
640 182 742 230 VITAE
759 180 928 233 CICERONIS

313 484 425 543 traiecto,
444 484 573 547 complura
591 483 686 547 oppida
704 495 879 549 occupaverat,
900 503 949 536 una
961 504 1017 538 cum
1031 504 1089 538 cou-

312 552 419 611 snlibus,
438 555 483 615 qui
500 552 647 617 Pompeium
665 554 842 615 sequebantur,
861 557 893 606 ab
912 555 976 606 Urbe
995 559 1089 608 disem-

313 623 346 670 sit
365 629 389 672 et
401 619 512 687 Capuam
530 635 650 682 oramque
663 622 812 671 maritimam
824 639 840 672 a
852 624 958 674 Formiis
971 627 1089 676 tuendam

313 690 1089 826 utuuttmttttttnttututuuur

313 831 375 893 Apr.
392 827 527 892 Pompeius
544 828 697 889 Brundisio,
718 845 776 878 cum
792 830 909 879 omnibus
926 832 1021 895 copiis,
1046 845 1089 878 na·

313 899 386 946 vibus
404 897 430 944 in
447 895 575 946 Graeciam
592 898 692 947 traiicit.
731 896 823 948 Caesar
841 906 941 962 postero
960 900 1001 948 die
1018 898 1090 962 oppi-

215 1020 217 1026 ,
314 965 374 1014 dum
396 965 527 1030 ingressus
550 975 575 1015 at
603 967 761 1016 contionatus
783 966 892 1017 Romam
912 967 1088 1032 proficiscitur,

314 1048 363 1096 quo
386 1034 412 1082 iu
435 1035 525 1083 itinere
549 1034 635 1084 Cicero
660 1050 719 1084 eum
742 1037 866 1086 convenit.
894 1035 949 1086 Vll.
967 1037 1004 1089 ld
1022 1037 1088 1093 Iun,

312 1110 448 1167 postquam
469 1104 559 1168 Arpini
576 1103 629 1154 illio
653 1111 741 1169 togam
763 1119 854 1169 puram
875 1104 992 1161 dederat,
1016 1104 1089 1154 Pom-

312 1173 398 1237 peiam
415 1173 441 1221 in
454 1170 584 1222 Graeciam
601 1179 733 1222 secuturas
751 1189 842 1223 navem
856 1173 1010 1227 conscendit.
1028 1171 1090 1222 Cae-

313 1254 355 1289 sar
372 1240 494 1306 Hispania
511 1242 614 1307 potitur,
634 1243 761 1306 superatis
778 1243 892 1307 Pompeii
909 1243 1015 1307 legatis,
1034 1249 1058 1290 et
1075 1256 1090 1289 a

312 1309 346 1358 M.
371 1307 467 1375 Lepido
489 1318 605 1374 praetore
632 1311 741 1361 dictator
763 1312 845 1361 dictus
869 1311 965 1360 Romae
988 1312 1089 1360 comitis

311 1377 396 1439 habet,
416 1380 508 1441 quibus
524 1381 582 1444 ipse
599 1394 657 1429 cum
674 1380 702 1428 P.
723 1379 830 1430 Servilio
848 1387 1026 1429 concreatur.

146 1441 198 1497 706
240 1443 276 1498 48
312 1444 384 1497 Coss.
413 1448 902 1508 ,0,1uttus0aeaarll.,P.Sewtaaa
919 1450 999 1499 Vatia
1014 1447 1088 1497 Isau-
1125 1441 1159 1494 59

415 1532 492 1567 meua.

346 1584 439 1635 Caesar
453 1585 521 1650 prid.
537 1586 601 1636 Nou.
614 1585 668 1639 lan.
680 1585 814 1635 Brundisio
829 1587 855 1634 in
866 1586 972 1650 Epirum
985 1585 1088 1643 traiicit,

311 1655 459 1718 Pompeium
475 1653 624 1719 Dyrrhachii
641 1655 755 1712 obsidet,
780 1655 824 1717 qni
841 1655 901 1704 inde
919 1655 1020 1718 elapsus
1037 1653 1089 1703 bel·

311 1723 363 1771 lum
379 1725 405 1771 in
417 1722 574 1773 Thessaliam
586 1723 714 1782 transfert,
733 1723 777 1772 ubi
789 1723 885 1789 proelio
897 1724 932 1773 ad
942 1721 1089 1771 Pharsalum

310 1791 376 1856 prid.
394 1790 449 1845 Kal.
466 1791 523 1842 Oct.
539 1807 555 1841 a
573 1789 681 1841 Caesare
704 1791 788 1841 victus
808 1792 836 1840 in
858 1793 1002 1856 Aegyptum
1024 1789 1090 1855 lugu

310 1861 344 1910 ad
366 1860 536 1910 Ptolemaeum
558 1874 667 1923 puerum
687 1861 774 1921 ibique
797 1859 954 1911 interficitur.
997 1856 1090 1908 Caesar

311 1928 404 1980 bellum
419 1927 621 1977 Alexandrinum
638 1928 713 1991 gerit.

344 1994 431 2047 Cicero
449 1997 479 2044 ab
498 1995 575 2044 armis
593 1994 728 2043 discedens
744 1993 909 2042 Brundisium
926 1995 1004 2042 venit.

143 2064 193 2121 707
238 2062 274 2117 4⁷
310 2065 337 2116 0.
357 2061 438 2113 runa
455 2063 554 2113 Caesar
571 2061 610 2110 II.
630 2061 751 2121 Dictator,
771 2060 811 2111 M.
828 2061 951 2112 Antonius
968 2062 1090 2128 Magister
1124 2061 1161 2114 60

410 2129 538 2194 Equitum.

344 2199 446 2260 Caesar,
464 2201 530 2250 bello
541 2199 714 2249 Alexandrino
731 2198 856 2256 consecto,
875 2215 962 2250 mense
972 2197 1088 2264 Septem·

308 2269 348 2318 bri
369 2269 396 2318 in
417 2269 515 2320 ltaliam
536 2268 611 2319 rediit
629 2269 704 2330 eique
722 2266 807 2317 Cicero
830 2269 931 2319 obviam
954 2271 1087 2333 processit.

310 2336 403 2387 caesar
425 2347 453 2387 ut
474 2354 533 2388 curn
550 2337 600 2387 sibi
618 2351 749 2386 occurrere
765 2337 830 2386 vidit
836 2373 844 2397 ,
871 2338 1003 2387 descendit
1019 2354 1088 2388 eum·

309 2422 360 2469 que
381 2406 513 2466 salutavit,
541 2420 600 2455 cum
624 2420 706 2467 ecque
728 2405 875 2467 colloquens
899 2406 978 2455 multa
1005 2407 1089 2457 stadia

308 2476 442 2539 processit.
476 2474 565 2525 Paullo
580 2482 639 2538 post
654 2473 751 2532 Cicero,
770 2475 814 2536 qui
830 2488 912 2536 usque
930 2476 963 2524 ad
980 2475 1008 2524 id
1024 2484 1088 2524 tem-

309 2556 358 2607 pus
373 2544 503 2595 Brrmdisii
518 2550 689 2593 commoratus
707 2551 769 2599 erat,
787 2543 813 2590 in
830 2541 924 2592 Urbem
941 2545 1019 2592 venit.

342 2612 433 2662 Tribus
461 2612 579 2663 extremis
603 2611 629 2660 h.
654 2627 678 2661 a.
700 2611 830 2660 mensibus
854 2626 906 2663 cos.
929 2611 1031 2661 fuenrnt
1055 2611 1087 2671 Q.

308 2679 394 2731 Fufius
411 2679 518 2731 Galeam
535 2689 560 2729 et
577 2681 605 2730 P.
624 2682 751 2732 Vatinius.
788 2679 882 2731 Caesar
898 2681 942 2734 Vi.
960 2680 1016 2729 Kal.
1033 2681 1087 2730 lan.

307 2750 427 2816 Lilybaeo
448 2753 484 2803 in
496 2748 608 2798 Africam
624 2750 735 2809 traiecit,
758 2749 852 2799 bellurn
877 2750 999 2800 adversus
1015 2748 1088 2797 Pom·

308 2822 422 2885 peinana,
441 2818 586 2885 Scipionem
605 2828 629 2868 et
642 2818 763 2869 Catonem
781 2827 807 2867 et
822 2819 910 2868 Iubam
923 2817 1088 2869 Mauritaniae

307 2902 394 2956 regem
411 2898 538 2953 gesturus.

142 2951 195 3009 708
238 2951 272 3009 46
307 2959 379 3010 Gcas.
415 2959 443 3009 0.
461 2958 542 3008 Iulius
559 2957 657 3008 Caeam
674 2957 747 3019 111„
765 2959 805 3012 M.
823 2960 944 3008 Aeacidas
963 2955 1085 3016 Lepidus.
1122 2944 1156 3000 61

343 3028 370 3080 G.
389 3027 470 3077 Iulius
487 3028 585 3077 (laesor
602 3028 674 3077 simul
690 3028 733 3081 ΙΙΙ.
753 3027 880 3087 Dictator,
904 3024 945 3076 M.
966 3023 1088 3071 Aemilius

308 3094 421 3156 Lepidus
438 3096 507 3160 Mag.
526 3096 655 3158 Equitum.

342 3159 435 3212 Caesar
459 3165 530 3212 initio
552 3165 648 3215 mensis
668 3162 765 3226 Aprilis
789 3159 934 3224 Scipionem
955 3167 980 3207 et
997 3158 1085 3207 Iubam

307 3231 393 3282 vincit.
412 3231 503 3280 Paucis
516 3231 605 3281 diebus
620 3240 678 3296 post
692 3230 724 3278 M.
739 3228 799 3279 (lato
811 3228 897 3279 Uticae
914 3228 963 3277 sibi
980 3235 1085 3276 mortem

307 3300 449 3352 consciscit.
469 3298 570 3359 Caesar,
589 3300 711 3350 Africano
729 3296 796 3347 bello
813 3296 936 3356 coniecto,
955 3296 993 3345 ld.
1007 3296 1086 3344 luniis

306 3365 415 3415 classem
436 3368 582 3418 conscendit
604 3377 629 3418 et
653 3369 694 3417 die
711 3366 785 3415 tertio
804 3367 829 3414 iu
847 3363 989 3415 Sardiniam
1006 3363 1082 3414 venit.

306 3435 368 3484 lnde
387 3435 429 3483 111.
442 3435 498 3486 Kal.
512 3436 596 3496 Quint,
608 3436 740 3501 profectus
749 3433 856 3484 Romam
872 3436 941 3484 venit
953 3448 976 3484 a.
990 3433 1014 3485 d
1027 3432 1081 3484 VII.
