2575 3892
135 158 176 219 94
475 158 528 216 Ab
552 158 585 214 C.
607 153 837 214 HERENNIUM

136 326 175 384 ab
192 340 291 398 equo;
306 339 409 397 neque
423 323 516 384 homo
532 319 693 390 indoctus,
711 318 854 394 quamvis
868 319 909 379 sit
920 319 1127 395 ingeniosus»,
1147 324 1199 384 ad

135 409 280 468 virtutem
295 415 400 481 potest
413 404 587 480 pervenire.
606 405 673 463 Hoc
686 402 876 477 probabilius
891 406 1075 476 factumest,
1092 408 1197 479 qnod

135 490 232 565 magis
250 498 298 550 est
315 491 379 550 veri
395 490 494 550 simile
509 504 572 547 non
588 503 686 563 posse
700 485 844 546 virtutem
856 486 924 546 sine
939 488 1084 548 doctrina
1096 505 1195 548 com·

135 575 252 649 parari,
274 573 419 649 quonium
433 590 473 632 ne
489 588 589 646 equus
606 571 731 645 quidem
745 570 913 630 indomitus
928 570 1060 631 idoneus
1077 573 1194 647 possit

136 674 217 718 esse.
247 660 327 733 Ergo
344 666 498 733 sumptum
517 664 565 715 est
579 654 731 729 probandi
747 670 852 726 causa,
869 655 984 714 dictum
1001 663 1107 715 autem
1127 673 1193 731 per

137 741 348 816 negationen13
381 741 411 799 id
435 741 514 798 onim
544 738 744 814 perspicuum
771 746 820 798 est
848 739 888 799 de
912 739 1012 814 primo
1041 739 1189 799 similitu-

137 825 216 887 dinis
231 825 338 884 verlio.
371 825 489 884 XLVll.
511 822 561 881 60.
584 823 729 882 Sumatur
743 829 775 881 et
790 822 928 895 apertius
944 822 1067 882 dicendi
1082 837 1191 882 causa

137 911 250 968 simila:
267 909 378 968 dicitur
392 915 494 967 autom
510 922 566 980 per
579 905 771 977 brevitatem,
788 906 848 964 hoc
862 907 973 967 modo:
992 908 1026 965 ln
1045 905 1189 966 amicitia

137 993 282 1066 gerenda,
300 990 381 1051 siout
394 992 425 1052 in
439 989 604 1051 certamine
619 988 776 1060 currendi,
793 1005 856 1049 non
872 991 914 1049 ita
928 989 1076 1050 convenit
1092 1003 1186 1049 exer-

137 1078 210 1141 ceri,
226 1082 268 1146 ut,
286 1076 390 1150 quoad
405 1090 537 1134 necesse
551 1074 599 1144 sit,
615 1071 724 1133 venire
738 1073 861 1148 possis;
883 1074 940 1133 sed
955 1082 989 1133 ut
1005 1074 1185 1148 productus

136 1158 239 1218 studio
257 1167 287 1218 et
303 1160 419 1218 viribus
435 1161 514 1218 ultra
528 1157 619 1216 facila
633 1173 812 1232 procurras.
838 1157 913 1217 Nam
928 1158 988 1217 hoc
1004 1156 1104 1217 simile
1120 1166 1183 1229 est,

135 1249 170 1301 ut
186 1242 324 1315 apertius
346 1241 533 1315 intelligatur
553 1244 633 1299 mala
653 1240 773 1300 ratione
794 1242 911 1312 lacere,
936 1242 989 1316 qui
1010 1241 1183 1315 reprehen-

136 1327 210 1385 dant
226 1341 295 1395 eoa,
318 1327 371 1400 qui
392 1325 479 1384 verbi
500 1339 596 1383 causa
618 1331 843 1399 postmortem
864 1324 954 1384 amici
973 1324 1087 1383 liberos
1110 1326 1183 1385 eius
1206 1372 1210 1376 »

136 1408 327 1481 custodiant,
357 1416 525 1484 propterea
550 1409 635 1482 quod
661 1408 691 1468 in
712 1422 843 1468 cursore
863 1414 980 1468 tantum
1001 1407 1182 1468 velocitatis

137 1509 209 1552 esse
224 1500 382 1569 oporteat,
400 1501 434 1552 ut
449 1491 597 1552 efferatur
610 1495 692 1552 ultra
706 1490 814 1564 linem,
830 1492 860 1550 in
877 1492 975 1551 amico
991 1499 1112 1551 tantum
1127 1494 1180 1553 be-

137 1578 332 1637 nevolentiae
352 1577 504 1648 studium,
526 1584 560 1636 ut
574 1579 669 1646 ultra,
691 1592 784 1650 quam
798 1575 915 1635 amicus
936 1575 1053 1636 sentire
1066 1577 1178 1651 possit,

138 1669 301 1735 procurrat
321 1660 474 1722 amicitiae
500 1661 613 1721 studio.
657 1660 778 1720 Dictum
806 1668 855 1720 est
876 1667 979 1720 autem
1000 1659 1100 1720 simile
1122 1677 1179 1736 per

137 1747 329 1806 brevitatem.
364 1747 432 1806 Non
448 1745 528 1805 enirn
544 1745 602 1817 ita,
623 1743 707 1805 utin
731 1743 862 1804 caeteris
882 1745 992 1816 rebus,
1014 1760 1067 1804 res
1089 1744 1127 1804 ab
1141 1761 1179 1803 re

137 1838 280 1903 separata
295 1837 358 1901 est,
380 1831 437 1890 sed
458 1837 591 1903 utraque
607 1845 658 1887 res
674 1828 839 1887 coniuncte
861 1835 891 1888 et
906 1829 1038 1889 conluse
1053 1844 1176 1903 compa·
1259 1884 1262 1890 Δ

138 1921 211 1971 rata.
235 1918 317 1972 Ante
333 1916 442 1973 oculos
457 1911 595 1987 ponendi
607 1910 721 1985 negotii
736 1926 832 1970 causa
846 1919 983 1972 sumetur
999 1911 1177 1985 similitudo,

137 2012 230 2068 quum
247 1996 366 2054 dicetur
380 2012 438 2069 per
454 1995 666 2065 collationem,
688 1993 747 2053 sic:
776 1994 826 2054 Uti
847 1994 1059 2067 citharoedus,
1081 2012 1176 2070 quum

138 2077 287 2152 prodierit
300 2078 417 2153 optime
432 2079 578 2148 vestitus,
595 2080 677 2153 palla
691 2077 832 2139 inaurata
845 2079 988 2152 indutus
1010 2096 1081 2139 cum
1095 2079 1175 2138 chla-

138 2162 231 2237 myde
246 2176 411 2237 purpurea,
428 2162 521 2223 variis
538 2162 696 2222 coloribus
710 2162 843 2234 intexta,
860 2171 975 2224 etcum
991 2179 1111 2224 corona
1124 2181 1176 2224 aa·

136 2262 189 2305 rea
203 2262 314 2321 magna
336 2248 523 2320 fulgentibus
544 2245 673 2321 gemmis
693 2246 876 2319 illuminata,
898 2248 1045 2309 citharam
1066 2258 1174 2308 tenens

136 2329 403 2390 exornatissimum
417 2348 493 2391 auro
510 2337 540 2390 et
556 2332 651 2390 ebore
665 2329 849 2402 distinctam,
864 2332 933 2406 ipse
943 2341 1104 2408 praeterea
1115 2334 1175 2392 lor-

137 2431 185 2473 ma
201 2422 232 2474 et
246 2413 352 2489 specie
367 2415 407 2472 sit
422 2423 453 2473 et
467 2422 585 2474 statura
599 2414 745 2489 apposita
760 2415 799 2474 ad
815 2415 1011 2490 dignitatem
1027 2417 1062 2488 si,
1081 2433 1175 2489 quum

135 2513 277 2570 magnam
293 2498 411 2570 populo
433 2498 636 2557 commoverit
650 2497 697 2557 his
713 2498 806 2559 rebus
826 2501 1104 2575 exspectationem,
1126 2516 1175 2558 re-

135 2588 237 2655 pente,
253 2578 376 2639 silentio
392 2581 484 2652 lacto,
498 2597 608 2641 vocem
622 2580 722 2642 mittat
734 2582 967 2646 acerbissimam
983 2600 1050 2645 cum
1063 2584 1174 2658 turpis-

136 2663 214 2724 simo
231 2665 371 2738 corporis
387 2672 488 2737 motu,
511 2682 573 2741 quo
590 2665 699 2725 molius
714 2673 844 2728 ornatus
861 2675 892 2728 et
906 2670 1003 2745 magis
1020 2666 1109 2728 luerit
1122 2683 1172 2727 ex-

136 2756 304 2824 spectatus,
318 2765 355 2811 eo
368 2750 466 2827 magis
480 2749 603 2810 derisus
617 2756 649 2809 et
664 2758 858 2827 contemptos
874 2753 1035 2814 eiicioturs
1051 2752 1131 2823 item,
1146 2750 1171 2812 si

136 2835 206 2909 quis
221 2834 251 2895 in
267 2837 393 2894 excelso
410 2838 480 2895 loco
497 2841 528 2894 at
542 2833 573 2894 in
587 2832 706 2908 magnis
723 2850 761 2895 ac
777 2838 984 2911 locupletibus
999 2834 1098 2910 copiis
1113 2838 1172 2895 col-

135 2921 256 2980 locatus
277 2921 420 2980 fortunae
439 2918 617 2979 muneribus
639 2924 671 2977 et
689 2926 818 2979 naturae
838 2920 1009 2982 commodis
1032 2919 1193 2999 omnibus

135 3002 304 3063 abundabit
310 3023 318 3074 ;
336 3003 363 3062 si
373 3003 496 3064 virtutis
512 3011 543 3063 et
556 3001 675 3073 artium,
692 3020 773 3076 quae
783 3002 905 3065 virtutis
917 3001 1080 3078 magistrae
1092 3008 1174 3072 sunt.

136 3084 252 3154 egebit;
280 3103 342 3159 qno
364 3086 462 3162 magis
479 3086 610 3147 caeteris
632 3087 727 3146 rebus
744 3087 801 3148 crit
820 3089 968 3164 copiosus
987 3094 1018 3147 et
1037 3083 1174 3156 illustrisr

136 3178 173 3221 eo
196 3167 407 3229 vehementius
429 3170 552 3230 derisus
574 3177 605 3228 et
624 3177 820 3246 contemptus
846 3187 887 3231 ex
909 3172 994 3233 omni
1020 3175 1173 3231 conventu:

135 3247 288 3303 bonorum
304 3249 450 3312 elicietur.
487 3255 554 3312 Hoc
576 3251 691 3324 simile,
712 3253 916 3314 exornatione
937 3255 1100 3328 utriusque
1118 3252 1171 3325 rei

135 3324 261 3382 alterius
276 3327 400 3400 inertia,
417 3334 543 3394 alterius
561 3332 710 3394 stultitiae
725 3335 815 3396 simili
829 3338 949 3397 ratione
965 3340 1092 3408 collata,
1112 3336 1170 3395 sub

135 3411 294 3475 aspectum
326 3412 459 3473 omnium
486 3432 549 3474 rem
577 3415 727 3487 subiecit⁸
762 3418 881 3478 Dictum
910 3428 1014 3480 autem
1040 3429 1090 3482 est
1115 3435 1174 3496 per·
