2575 3892
1274 74 1275 81 ,

1252 98 1275 189 ’Ν

1274 236 1275 243 ,

65 171 125 231 134
430 169 479 227 DE
494 165 726 227 tttvultt‘tottt:
1069 174 1110 225 32

64 326 172 386 eadem
196 318 315 380 ratione
339 314 560 391 argumentatio
586 323 715 375 tractata
739 313 807 374 aliis
832 314 997 389 tripertita,
1033 316 1107 379 aliis

65 400 313 481 quinquepertita
332 400 481 460 videatur.
517 398 616 471 Quare
638 398 756 469 evenit,
781 406 885 483 utres
907 415 970 458 nen
985 408 1050 458 tam
1066 403 1106 461 ad

63 504 153 549 usum
175 483 297 546 dicendi
317 483 482 559 pertineat,
511 481 665 557 quemad
687 479 836 541 rationem
861 481 1105 557 praeceptionis.

63 568 113 633 61.
136 568 231 629 Nobis
246 574 348 627 autem
363 565 553 626 commodior
567 562 619 624 illa
632 562 755 639 partitio
771 562 891 624 videtur
906 580 994 635 esse,
1023 583 1104 640 quae

63 653 94 713 in
118 652 255 728 quinque
275 657 378 726 partes
394 647 554 709 distributa
568 655 630 719 est,
653 663 745 722 quam
759 662 867 708 omnes
881 647 920 708 ab
934 645 1103 711 Aristotele

64 746 94 797 et
107 735 318 810 Theophrasto
339 730 470 808 preteeti
489 729 621 790 maxime
635 731 735 791 secuti
749 739 829 792 sunt.
864 730 940 792 Nam
955 735 1103 808 quemad·
1208 762 1213 771 ·

63 820 188 883 medum
208 818 282 877 illud
298 815 441 891 superius
455 830 553 889 genus
568 815 816 888 argumentandi,
843 815 928 890 quod
942 831 999 890 per
1013 815 1103 879 indu-

64 903 196 964 ctionem
217 898 361 971 sumitur,
387 898 520 958 maxime
540 896 686 961 Socrates
708 905 738 958 et
753 897 902 958 Socratici
925 906 1101 971 tractarunt

64 986 109 1045 sie
124 986 198 1055 hoe,
226 982 310 1058 quod
324 998 381 1057 per
394 981 658 1045 ratiocinationem
673 980 840 1059 expolitur,
866 998 985 1043 summe
1001 993 1049 1044 est
1063 986 1103 1043 ab

62 1069 228 1129 Aristotele
243 1075 336 1141 atque
350 1063 588 1140 aPeripatetieis
600 1073 631 1125 et
640 1064 853 1140 Theophrasto
867 1065 1101 1141 trequentatum

64 1150 176 1209 deinde
197 1166 216 1208 a
229 1147 404 1208 rhetoribus
418 1147 472 1219 iis,
500 1148 552 1223 qui
567 1147 788 1221 elegantissimi
802 1157 896 1224 atque
910 1148 1101 1210 arhfieiesis·

63 1232 132 1291 simi
153 1229 250 1306 putati
265 1239 345 1291 sunt.
379 1231 478 1302 Quare
492 1239 594 1290 autem
609 1230 699 1290 nobis
715 1227 766 1291 illa
779 1231 877 1306 magis
891 1231 1011 1307 partitio
1025 1249 1103 1307 pre-

63 1316 159 1386 betm,
180 1313 344 1373 dicendum
358 1313 487 1384 videtur,
509 1330 547 1373 ne
561 1321 677 1373 temere
692 1315 790 1376 secuti
803 1323 956 1392 putamen
981 1321 1012 1374 et
1027 1316 1102 1375 bre-

62 1396 140 1457 viter
154 1397 333 1470 dicendum,
359 1412 399 1456 ne
413 1396 444 1457 in
458 1396 635 1459 huiusmodi
648 1393 742 1459 rebus
757 1397 887 1472 diutiuS,
914 1413 1003 1476 quam
1016 1397 1102 1460 ratio

63 1480 276 1557 praecipiendi
292 1482 437 1556 postulat,
452 1497 685 1543 commoremur.

141 1563 277 1625 XXXVI.
297 1564 348 1627 62.
369 1563 404 1624 Si
425 1564 557 1641 quadam
578 1566 610 1624 in
624 1565 887 1641 argumentatione
902 1565 978 1627 satis
994 1575 1044 1628 est
1059 1569 1101 1629 uti

62 1647 277 1724 propositione
298 1657 329 1711 et
348 1665 410 1710 nen
432 1657 554 1724 opertet
573 1649 741 1724 adiungere
756 1649 1014 1725 approbationem
1029 1668 1099 1728 pre-

62 1731 224 1806 positioni,
247 1733 380 1809 quadam
394 1740 495 1792 autem
509 1732 540 1792 in
555 1733 818 1806 argumentatione
832 1733 953 1794 infirma
966 1742 1016 1795 est
1029 1752 1099 1811 pre

62 1815 186 1889 positio,
202 1815 262 1876 nisi
276 1816 420 1877 adiuncta
434 1815 474 1875 sit
488 1815 682 1891 approbatio,
700 1824 875 1892 separatum
890 1827 939 1879 est
954 1817 1100 1893 quiddam

62 1915 81 1957 a
94 1898 308 1974 propositione
323 1897 627 1973 approbatioQuod
642 1899 723 1959 enim
736 1908 768 1961 et
781 1900 907 1975 adiungi
921 1909 952 1962 et
962 1902 1100 1977 separari
1206 1895 1212 1905 '

61 1981 99 2039 ab
115 1980 219 2054 alique
234 1989 351 2054 potest,
379 1981 410 2040 id
424 1997 486 2041 non
501 1988 604 2057 potest
618 1982 700 2043 idern
716 1999 802 2055 esse,
826 1984 912 2059 quod
927 1994 976 2046 est
990 1984 1035 2058 id,
1057 1987 1100 2045 ad

29 2062 30 2065 ’
63 2062 145 2136 qued
160 2062 335 2138 adiungitur
348 2073 380 2123 et
394 2081 413 2125 a
427 2081 489 2140 quo
506 2073 682 2140 separatur,
705 2075 753 2127 cst
766 2074 868 2128 autem
884 2070 1037 2144 quaedam
1052 2085 1100 2133 ar-

61 2146 262 2218 gumentatio,
284 2146 315 2207 in
331 2164 393 2225 qua
407 2147 579 2223 propositio
595 2166 658 2209 non
672 2149 790 2225 indiget
803 2151 1047 2227 approbationis,
1071 2162 1102 2214 et

60 2231 227 2304 quaedam,
253 2229 285 2291 in
302 2247 364 2307 qua
378 2230 451 2291 nihil
464 2234 548 2293 velet
563 2231 630 2293 sine
645 2234 885 2309 approbatione,
906 2245 940 2296 ut
952 2237 1102 2297 ostende-

61 2332 140 2375 mus.
170 2312 320 2390 Separata
334 2313 425 2389 igitur
438 2323 486 2376 est
500 2332 519 2375 a
534 2315 746 2391 propositione
759 2320 951 2394 approbatio.
989 2318 1103 2379 Osten-

60 2398 147 2457 detur
161 2407 262 2458 antem
277 2399 316 2468 id,
335 2398 419 2471 quod
434 2399 562 2473 polliciti
578 2416 693 2473 sumus,
716 2401 775 2461 hoe
790 2405 897 2465 mede:
925 2402 1006 2475 Quae
1022 2416 1102 2474 pre-

58 2480 171 2553 positie
193 2481 224 2539 in
246 2497 281 2540 se
304 2480 450 2555 quiddam
470 2483 605 2543 continet
624 2483 825 2560 perspicuum
850 2494 880 2546 et
903 2484 986 2560 qued
1011 2491 1102 2547 stare

57 2562 135 2621 inter
155 2579 263 2622 omnes
284 2579 416 2625 neeesse
436 2573 498 2638 est,
523 2566 603 2626 hane
622 2568 704 2628 velle
724 2571 899 2647 approbare
917 2575 949 2628 et
972 2565 1101 2629 firmare

57 2640 130 2700 nihil
145 2642 261 2702 attinet.
290 2643 340 2703 63.
357 2646 402 2705 Ea
417 2657 466 2708 est
481 2648 672 2709 huiusmodi:
694 2650 742 2721 Si,
761 2667 823 2726 quo
838 2651 890 2712 die
904 2653 1021 2712 Romae
1035 2651 1097 2711 ista

57 2726 171 2787 caedes
187 2729 268 2787 lacta
283 2735 344 2801 est,
367 2746 425 2805 ego
441 2731 571 2792 Athenis
586 2750 624 2793 eo
643 2733 694 2795 die
708 2735 764 2806 lul,
784 2735 816 2794 in
831 2735 927 2814 caede
941 2735 1099 2795 interesse

56 2829 118 2872 nnn
139 2813 235 2887 potui.
270 2813 337 2873 Hoc
353 2813 425 2888 quia
438 2813 605 2888 perspicue
619 2831 728 2875 verum
742 2822 805 2887 est,
830 2814 906 2875 nihil
920 2814 1027 2876 attinet
1042 2830 1100 2888 ap·

55 2897 188 2973 probari.
212 2896 310 2970 Quare
325 2897 445 2957 adsumi
461 2897 561 2957 statim
576 2907 706 2972 opertet,
722 2898 783 2958 hoe
797 2900 907 2959 medo:
922 2897 979 2961 Fui
994 2905 1100 2959 autem

54 2981 183 3041 Athenis
200 2998 237 3041 eo
254 2980 313 3040 die.
349 2981 416 3040 Hoe
431 2979 458 3038 si
475 2997 535 3040 nen
550 2990 685 3054 constat,
713 2981 829 3057 indiget
843 2980 1099 3057 approbationis3

56 3078 117 3132 qua
136 3063 275 3136 inducta,
302 3062 477 3138 complexio
499 3075 716 3139 consequetur.
751 3065 808 3125 Est
827 3065 920 3140 igitur
942 3065 1101 3141 quaedam

54 3145 236 3217 propositio,
253 3162 332 3221 quae
343 3162 405 3207 nen
417 3145 533 3222 indiget
541 3148 777 3224 approbatione.
797 3149 874 3209 Nam
884 3164 957 3211 esse
969 3146 1098 3224 quidem

55 3225 217 3312 quandam,
236 3245 315 3300 quae
328 3229 472 3304 indigeat,
490 3230 565 3305 quid
578 3232 686 3292 attinet
700 3233 875 3303 ostendere,
893 3232 979 3307 quod
994 3229 1097 3290 cuivis

54 3301 143 3356 s³01¹0
158 3309 357 3377 perspicuum
372 3320 440 3371 esta
455 3312 572 3384 Quodsi
586 3314 628 3374 ita
642 3322 699 3386 est,
715 3331 755 3373 ex
769 3314 829 3375 hoe
844 3323 875 3375 et
889 3330 992 3385 exeo,
1008 3314 1098 3389 qued

52 3392 331 3457 pr0pesueramus,
355 3391 414 3453 hec
430 3396 605 3467 conficitur,
632 3405 808 3471 separatum
823 3412 895 3456 esse
912 3396 1061 3473 quiddam
1077 3412 1098 3454 a

876 3650 1256 3882 *A
