2575 3892
54 151 114 214 ΜΒ
433 156 482 214 DE
497 152 728 212 INVENTIONE
1056 164 1092 218 to

51 317 131 376 quae
157 300 287 360 maxime
313 300 442 362 orationi
469 304 574 377 fidem,
601 302 715 364 oratori
738 303 845 363 adimit
865 302 1087 367 auctoritatem.

49 384 100 446 26.
122 382 203 443 Vitia
219 399 291 444 vero
307 384 383 444 haec
399 395 470 446 sunt
484 386 656 447 certissima
670 386 881 461 exordiorum,
908 402 989 462 quae
1004 404 1087 449 sum·

51 481 177 542 mopere
198 467 294 528 vitare
302 469 469 543 oportebit:
496 471 637 545 vulgare,
659 484 836 544 commune,
858 472 1087 549 commutabile,

49 552 183 624 longum,
201 560 386 626 separatum,
402 554 589 624 translatum
613 560 720 614 contra
735 559 912 628 praecepta.
948 552 1087 629 Vulgare

49 642 112 705 est,
139 632 223 707 quod
243 632 273 693 in
289 636 392 709 plures
408 652 521 696 causas
535 644 639 710 potest
653 634 896 705 accommodari,
924 644 958 696 ut
972 652 1086 699 colave-

48 716 273 778 nirevideatur.
290 719 458 778 Commune
470 722 527 786 est,
537 715 621 790 quod
633 713 726 775 nihilo
742 711 841 775 minus
855 713 885 773 in
896 712 986 787 hane,
996 728 1089 788 quam

50 800 79 860 in
93 801 277 861 contrariam
290 809 406 876 partem
419 815 542 870 causae,
555 805 660 873 potest
671 796 848 858 convenire.
865 797 1091 859 Commulabile

51 893 107 957 est,
123 886 208 959 quod
223 886 261 944 ab
276 884 456 945 adversario
472 891 577 959 potest
591 882 701 942 levita·
715 886 864 941 mutatum
879 895 918 940 ex
932 882 1089 947 contraria

50 974 138 1042 parte
149 966 219 1027 diei.
230 967 368 1043 Longum
380 975 436 1038 est,
446 967 531 1042 quod
543 965 682 1042 pluribus
695 964 797 1024 verbis
810 970 863 1024 aut
873 963 1035 1024 sententiis
1045 968 1089 1025 ul-

50 1058 97 1109 tra
113 1067 205 1124 quam
221 1052 295 1111 satis
315 1060 362 1111 εει
376 1051 567 1127 producitur.
596 1049 779 1124 Separatum
795 1054 852 1118 est,
870 1048 954 1122 quod
967 1064 1032 1109 non
1047 1065 1090 1108 ex

50 1133 119 1206 ipsa
131 1149 226 1192 eausa
241 1136 364 1193 ductum
379 1143 426 1193 cst
442 1151 498 1193 nec
512 1136 592 1194 sicut
606 1134 733 1207 aliquod
750 1131 919 1191 membrum
932 1133 1089 1192 adnexum

50 1214 192 1274 orationi.
204 1217 394 1277 Translatum
407 1225 464 1287 est,
474 1220 558 1292 quod
570 1215 654 1276 aliud
666 1215 799 1286 coniicit,
807 1231 900 1289 quam
911 1230 1024 1275 causae
1036 1231 1091 1289 ge·

51 1313 109 1357 nus
124 1298 275 1371 postulat:
301 1304 334 1355 ut
349 1296 376 1355 si
392 1298 445 1370 qui
460 1296 591 1355 docilem
607 1295 700 1356 faciat
712 1294 900 1369 auditorem,
922 1311 1013 1370 quum
1029 1295 1084 1354 be·

50 1379 256 1440 nevolentiam
271 1395 367 1439 eausa
381 1379 550 1449 desideret,
573 1386 625 1439 aut
640 1378 668 1439 si
682 1376 835 1453 principio
852 1386 965 1450 utatur,
986 1394 1084 1452 quum

52 1462 286 1524 insinuationem
301 1479 352 1523 res
369 1465 513 1538 postulet.
533 1462 646 1522 Contra
660 1469 828 1538 praecepta
842 1471 898 1533 est,
915 1458 1084 1536 quodnihil

52 1564 159 1609 eorum
180 1546 287 1619 elficit,
315 1563 446 1623 quorum
461 1563 557 1608 causa
571 1546 610 1606 de
625 1543 763 1609 exordiis
779 1553 945 1622 praecepta
960 1546 1083 1605 tradun-

52 1641 113 1703 tur;
137 1633 195 1692 hoe
210 1639 266 1702 est
290 1632 375 1706 quod
389 1647 468 1702 eum,
491 1629 544 1705 qui
558 1628 651 1701 audit,
668 1645 770 1705 neque
784 1631 968 1689 benevolum
983 1645 1085 1703 neque

52 1724 198 1777 attentum
214 1732 316 1791 neque
331 1714 463 1777 docilem
477 1713 580 1785 elficit,
595 1722 655 1785 aut,
672 1729 733 1788 quo
750 1712 823 1772 nihil
837 1714 977 1790 prolecto
995 1713 1084 1787 peius

52 1809 108 1873 cst,
123 1810 273 1861 utcontra
286 1800 333 1869 sit,
346 1800 427 1860 lacit.
439 1801 485 1859 Aa
498 1800 537 1859 de
547 1792 676 1857 exordio
690 1795 897 1869 quidemsatis
906 1795 1084 1857 dictumest.

125 1882 203 1942 xlx.
225 1880 275 1943 27.
297 1882 435 1943 Narratio
458 1891 506 1942 est
527 1897 628 1941 rerum
643 1888 803 1956 gestarum
816 1887 869 1941 aut
883 1888 916 1940 ut
930 1887 1085 1955 gestarum

52 1963 217 2039 expositio.
253 1965 466 2025 Narrationum
487 1980 600 2038 genera
621 1964 678 2041 tria
693 1972 773 2024 sunt.
800 1964 900 2025 Unum
912 1978 1013 2037 genusv
1024 1968 1083 2034 est,

52 2048 82 2108 in
105 2062 166 2122 quo
188 2046 258 2121 ipsa
278 2063 374 2107 causa
395 2057 425 2107 ει
444 2047 543 2107 omnis
559 2047 635 2107 ratio
652 2045 882 2107 controversiae
897 2045 1083 2115 continetur,

52 2133 197 2204 alterum,
217 2129 248 2191 in
270 2146 332 2205 quo
348 2129 500 2206 digressio
516 2130 619 2205 aliqua
634 2140 721 2192 extra
735 2140 861 2192 eausam
877 2138 930 2190 aut
943 2126 1085 2190 crimina·

52 2212 144 2275 tionis
165 2222 218 2274 aut
239 2212 443 2276 similitudinis
464 2224 516 2275 aut
537 2214 749 2275 delectationis
771 2230 834 2275 non
855 2212 975 2275 alienae
990 2212 1029 2272 ab
1045 2227 1084 2272 eo

52 2298 188 2374 negotio,
216 2312 278 2375 quo
294 2299 334 2359 de
348 2298 456 2374 agitur,
477 2307 530 2360 aut
543 2297 790 2372 amplificationis
807 2314 902 2358 eausa
916 2295 1086 2370 interponi-

52 2392 107 2443 tur.
129 2381 261 2443 Tertinm
276 2399 374 2457 genus
389 2393 437 2444 est
451 2391 601 2443 remotum
615 2399 635 2441 a
650 2381 790 2442 civilibus
806 2378 918 2455 causiS,
934 2378 1019 2454 quod
1031 2378 1086 2437 de-

54 2466 224 2526 lectationis
250 2481 346 2526 causa
371 2483 433 2526 non
457 2466 554 2527 inutili
580 2482 650 2527 cum
674 2464 895 2526 exercitatione
919 2460 1027 2521 dicitur
1053 2468 1087 2521 ει

53 2546 202 2608 scribitur.
238 2548 311 2608 Eius
326 2557 429 2623 partes
446 2558 517 2610 sunt
531 2552 618 2620 duae,
637 2564 766 2626 quarum
781 2550 876 2610 altera
890 2547 920 2609 iu
936 2541 1084 2618 negotiis,
1176 2546 1181 2557 '

51 2632 147 2692 altera
161 2630 191 2690 iu
206 2630 349 2706 personis
365 2632 497 2694 maxime
509 2641 658 2694 versatur.
681 2633 735 2707 Ea,
751 2632 873 2708 quaein
889 2626 1086 2708 negotiorum

51 2714 248 2792 expositione
263 2715 364 2791 posita
376 2726 432 2788 est,
448 2726 510 2779 tres
523 2717 614 2777 habet
625 2724 741 2792 partes,
756 2717 898 2787 tabulam,
913 2709 1084 2783 historiam,

51 2807 271 2879 argumentum.
301 2800 416 2861 Fabula
431 2810 493 2872 est,
515 2800 545 2861 in
561 2817 623 2874 qua
637 2816 695 2860 nec
710 2815 801 2860 verae
817 2816 872 2859 nec
888 2792 1085 2858 verisimiles

50 2900 101 2945 res
116 2884 317 2955 eontinentur,
334 2882 507 2945 cuiusmodi
522 2893 583 2943 est:

175 2969 294 3043 Artanes
307 2971 439 3042 inuentos
453 2971 546 3039 alites,
562 2971 655 3029 iuneti
668 2970 736 3043 iaao
748 3011 755 3025 .
768 3011 775 3025 .
789 3011 795 3024 .

50 3048 185 3108 Historia
207 3059 254 3110 cst
273 3057 440 3125 gestares,
467 3050 629 3110 obaeratis
646 3060 770 3110 nostrae
786 3046 934 3111 memoria
949 3051 1066 3105 remota
1076 3063 1088 3095 :-

51 3131 135 3204 quod
146 3147 260 3206 genus:

166 3214 280 3288 Appias
294 3218 405 3277 indixit
414 3217 713 3291 Karthapt'm'ensr‘bas
724 3217 838 3276 bellam.

48 3294 269 3366 Argumentum
289 3306 337 3355 est
357 3299 428 3359 ncta
442 3316 509 3373 res,
535 3316 615 3374 quae
630 3309 730 3360 tamen
746 3297 812 3358 lieri
826 3295 935 3371 potuit.
970 3291 1086 3354 Huius-

49 3371 132 3430 modi
147 3375 231 3444 apud
244 3376 431 3437 Terentiumt
