2575 3892
120 134 162 199 34
310 153 314 168 ¹
455 134 509 193 Al)
533 133 564 193 C.
587 131 819 192 HERENNIUM

121 298 241 363 musica
256 298 382 359 inducta
398 305 459 372 est,
481 297 691 373 disputatione
710 296 741 356 in
762 294 932 371 sapientiae
952 295 1104 357 rationem
1127 305 1167 358 et

122 383 244 446 virtutis
258 379 419 442 utilitatem
432 379 632 444 consumitur.
668 382 745 440 Item
760 378 1022 452 considerandum
1038 388 1100 452 cst,
1117 398 1166 441 ne
1271 391 1272 394 ’

123 469 207 529 aliud
221 464 414 526 accusatoris
429 463 599 525 criminatio
616 462 781 536 contineat,
796 461 880 522 aliud
894 461 1071 523 defensoris
1084 480 1164 539 pur-
1200 485 1208 500 ,

123 551 207 629 gatio
218 556 341 624 purget,
353 550 437 623 quod
447 564 544 624 saepe
556 549 699 608 consulto
711 545 798 607 multi
808 546 847 606 ab
859 560 914 604 reo
927 544 1053 620 iaciunt,
1061 564 1162 623 angu-

124 634 190 696 stiis
204 647 319 698 causae
331 631 447 703 coacti3
464 640 506 704 ut,
519 630 546 692 si
558 630 637 707 quis,
650 647 745 705 quum
759 636 924 692 accusetur
935 628 1051 691 ambitu
1062 633 1162 705 magi-

124 725 252 780 stratum
264 713 391 791 petisse,
406 717 445 776 ab
461 713 699 791 imperatoribus
714 730 811 790 saepe
825 728 959 782 numero
969 715 1054 789 apud
1069 730 1161 774 exer-

124 802 217 864 citum
232 801 379 860 donatum
394 814 466 860 csse
481 814 517 859 sc
530 798 622 859 dicat.
651 798 720 860 Hoc
739 796 768 859 si
786 797 948 872 diligenter
967 797 998 857 in
1015 798 1162 857 oratione

123 881 373 946 adversariorum
385 880 666 954 observaverimus,
681 897 778 958 saepe
789 881 1057 957 deprehendemus
1070 887 1114 953 [et
1124 881 1160 941 in

123 966 276 1030 eiusmodi
298 965 548 1043 deprehensione
573 965 785 1038 ostendemus]
813 979 868 1025 eos
890 966 930 1025 de
951 981 988 1024 ea
1008 982 1043 1024 re
1069 966 1161 1040 quod

123 1052 229 1113 dicant
242 1067 305 1111 non
320 1049 446 1112 hahere.
480 1050 532 1110 44.
554 1051 632 1111 Item
645 1048 793 1111 vitiosum
808 1057 858 1110 est
871 1056 970 1108 artem
983 1055 1037 1109 aut
1057 1049 1159 1109 scien-

122 1134 196 1194 tiam
211 1141 264 1194 aut
278 1133 413 1195 studium
430 1130 597 1209 quodpiam
610 1133 789 1210 vituperare
804 1140 933 1208 propter
947 1149 1056 1194 eorum
1071 1131 1158 1205 vitia,

124 1217 221 1294 quiin
238 1234 274 1278 eo
292 1218 395 1278 studio
411 1225 497 1277 sunt:
515 1215 610 1278 veluti
627 1217 681 1291 qui
696 1216 881 1277 rhetoricam
895 1215 1073 1291 vituperant
1085 1231 1159 1291 pro·

122 1308 193 1377 pter
213 1299 343 1368 alicuius
363 1299 495 1361 oratoris
517 1299 753 1376 vituperandam
773 1300 878 1360 vitam.
914 1301 990 1360 Item
1010 1298 1160 1359 vitiosum

124 1392 172 1444 est
187 1400 226 1444 ex
242 1400 290 1457 eo,
304 1382 376 1458 quia
386 1397 552 1459 perperam
563 1384 679 1443 lactum
690 1390 812 1443 constet
823 1390 1023 1458 essc‚putare
1035 1381 1159 1443 ostendi

123 1485 141 1528 a
158 1474 242 1530 certo
258 1466 384 1528 homine
398 1468 512 1528 iactum
528 1482 610 1540 esse,
624 1465 686 1528 hoe
700 1468 812 1528 modo:
832 1467 990 1527 Mortuum
1005 1468 1158 1527 deforma-

123 1560 197 1624 tum,
208 1558 331 1612 tumore
341 1550 526 1628 praeditum,
538 1565 673 1627 corpore
684 1551 897 1614 decoloratum
909 1557 1032 1612 constat
1042 1550 1157 1610 luisse:

124 1652 199 1712 ergo
214 1651 336 1696 veneno
353 1641 482 1696 necatus
504 1640 562 1695 est.
593 1635 729 1706 Deinde,
748 1634 777 1698 si
793 1634 949 1710 situsque
963 1634 994 1694 in
1009 1650 1047 1694 eo
1065 1649 1158 1694 occu»
1219 1637 1224 1642 “

122 1725 226 1796 patus,
241 1726 277 1781 ut
291 1718 522 1792 multifarium,
538 1734 694 1780 venenum
708 1721 828 1791 datum,
842 1719 917 1779 vitio
931 1734 995 1778 non
1010 1718 1159 1778 mediocri

123 1803 329 1865 conflictatur.
362 1805 430 1864 Non
446 1803 527 1864 enim
541 1805 698 1865 factumne
715 1804 769 1876 sit,
792 1801 958 1879 quaeritur,
970 1804 1028 1863 scd
1049 1818 1068 1860 a
1094 1817 1157 1876 quo

122 1890 238 1947 lactum
253 1888 303 1947 sit.
337 1887 474 1949 xxvlll.
490 1886 543 1945 45.
566 1886 643 1946 item
658 1885 805 1946 vitiosum
820 1893 869 1945 est
887 1883 919 1943 in
939 1885 1157 1958 comparandis

122 1971 216 2032 rebus
232 1974 360 2030 alteram
374 1984 440 2027 rem
456 1968 582 2040 efferre,
603 1968 643 2027 de
663 1983 699 2027 re
720 1971 817 2027 altera
833 1964 1022 2025 mentionem
1035 1983 1099 2025 non
1116 1970 1129 2027 i
1147 2002 1159 2016 ·

122 2067 195 2113 cere
209 2058 264 2111 aut
279 2048 485 2125 negligentius
502 2050 678 2125 disputarc;
699 2055 734 2110 ut
748 2048 790 2123 si,
807 2066 877 2110 cnm
894 2056 1107 2126 comparetur,
1124 2071 1161 2112 u-

121 2133 307 2196 trumsatius
321 2131 361 2193 sit
373 2134 522 2209 populum
529 2135 715 2194 frumentum
725 2134 870 2210 accipere
880 2149 919 2193 an
932 2149 995 2194 non
1003 2135 1175 2211 accipere„
1267 2118 1270 2122 ¹

123 2235 205 2294 quae
219 2218 384 2279 commoda
399 2215 460 2278 sint
478 2216 509 2277 in
524 2220 624 2278 altera
642 2234 692 2292 re,
716 2226 803 2280 curet
823 2234 1018 2291 enumerare;
1041 2217 1158 2295 siquae

16 2339 20 2362 t
121 2303 152 2363 in
168 2305 267 2363 altera
282 2302 480 2363 incommoda
495 2301 567 2374 sint,
581 2304 669 2363 velut
683 2304 835 2378 depressa
849 2310 1026 2378 praetereat
1040 2312 1094 2364 aut
1109 2320 1155 2375 ea,

124 2404 205 2462 quac
220 2386 344 2447 minima
359 2384 429 2457 sint,
444 2385 536 2446 dicat.
561 2387 637 2446 Item
651 2385 800 2447 vitiosum
816 2386 907 2446 estin
922 2388 1017 2448 rebus
1032 2404 1155 2463 compa·
1244 2417 1273 2456 ψ,

121 2470 228 2530 randis
240 2485 373 2531 necesse
385 2478 495 2545 putare
509 2471 637 2539 alteram
650 2486 715 2530 rem
725 2470 914 2546 vituperare,
922 2489 1017 2547 quum
1028 2475 1155 2532 alteram
1271 2509 1273 2556 ξ

121 2551 247 2614 laudes:
262 2554 347 2628 quod
363 2568 471 2627 genus,
486 2553 513 2611 si
529 2560 706 2627 quaeratur,
721 2553 799 2614 utris
814 2555 913 2614 maior
927 2556 1029 2618 honor
1042 2557 1155 2615 haben·
1209 2613 1212 2614 γ
1271 2559 1272 2612 3

122 2639 181 2698 dus
199 2636 247 2709 sit,
262 2635 452 2700 Albensibus
469 2651 508 2695 an
519 2636 658 2697 Vestinis
671 2635 886 2712 Pinnensihus,
899 2642 985 2714 quod
999 2638 1045 2700 rei
1058 2637 1155 2715 publi-

122 2737 179 2782 cae
190 2719 300 2798 populi
313 2720 444 2784 Romani
455 2720 637 2795 proluerint,
655 2720 734 2794 etis,
751 2722 803 2796 qui
814 2722 898 2783 dicat
909 2724 961 2795 [ab
972 2723 1100 2795 alterisl,
1114 2724 1156 2784 al·
1224 2737 1234 2762 r

120 2815 207 2868 teros
219 2807 413 2876 laedathon
422 2803 502 2866 enim
513 2820 647 2867 necesse
657 2813 715 2880 cst,
724 2806 751 2866 si
764 2809 880 2868 alteros
887 2822 1075 2883 praeponas,
1083 2810 1156 2867 alte·

120 2888 1155 2969 rosvitupcrare;fierienimpotcstut,quumalterosmagislauda·

120 2975 315 3051 ris,aliquam
322 2973 427 3037 alteris
442 2981 562 3051 partem
570 2972 670 3036 laudis
683 2974 843 3050 attribuas,
851 2990 891 3035 ne
903 2971 1016 3048 cupide
1020 2987 1156 3047 pugnas·

122 3075 157 3121 se
170 3067 278 3132 contra
288 3058 451 3122 veritatem
463 3058 593 3135 puteris.
615 3061 692 3119 ltem
708 3058 854 3121 vitiosum
868 3064 918 3117 est
931 3058 971 3115 de
985 3053 1110 3115 nomine
1124 3068 1157 3115 et

120 3145 275 3204 vocabulo
289 3141 367 3215 [eius
377 3143 434 3216 rei]
447 3142 694 3205 controversiam
706 3152 936 3216 struere,quam
946 3156 1013 3199 rem
1024 3154 1157 3199 consue·

120 3226 198 3288 tudo
217 3225 331 3299 optime
346 3235 452 3301 potest
463 3226 616 3300 iudieare;
632 3230 720 3289 velut
730 3224 896 3303 Sulpicius,
909 3223 962 3299 qui
972 3221 1155 3286 intercesse-

122 3315 180 3377 rat,
195 3323 234 3365 ne
250 3310 387 3380 exsules,
404 3309 515 3384 quibus
530 3326 659 3372 causam
674 3310 778 3372 dicere
788 3326 852 3371 non
863 3308 1012 3381 licuisset,
1027 3308 1157 3368 reduce·

121 3396 244 3461 rentur,
264 3388 345 3450 idem
366 3392 524 3466 posterius
542 3393 701 3456 immutata
715 3397 892 3468 voluntate,
915 3409 1011 3470 quum
1025 3391 1156 3454 eandem
