2575 3892
131 190 175 254 76
468 193 521 252 ΑΒ
546 193 576 250 C.
599 190 829 250 HERENNIUM

130 358 243 420 deinde
261 357 440 418 subiicimus
455 357 495 429 id,
516 357 601 433 quod
616 363 741 431 oportet
756 355 816 415 dici
829 361 883 415 aut
897 371 960 414 non
975 361 1104 429 oportet
1120 363 1188 417 aut

128 443 220 502 nobis
235 441 412 502 adiumento
425 443 559 501 futurum
577 448 625 500 est
639 448 693 501 aut
707 441 884 500 obfuturum
895 438 956 498 illis
970 453 987 496 e
1003 441 1187 510 contrario,

128 525 190 585 hoc
208 526 317 584 modo:
345 524 466 598 Quaero
482 525 582 601 igitur,
605 525 688 584 unde
703 523 762 583 iste
777 531 839 584 tam
860 522 1052 597 pecuniosus
1068 525 1183 582 lactus

130 608 180 669 sit.
206 610 351 682 Ampium
367 609 584 684 patrimonium
599 608 738 668 relictum
755 608 822 668 esti
850 609 892 665 At
907 604 1004 679 patris
1019 607 1104 666 bona
1122 624 1183 666 ve-

132 691 264 751 nierunt.
295 689 456 749 Hereditas
471 690 575 764 aliqua
588 688 695 746 venitt
714 686 782 746 Non
797 694 900 760 potest
914 686 993 757 diei,
1008 687 1065 747 sed
1080 687 1181 748 etiarn
1258 746 1264 752 ,

133 772 359 835 anecessariis
381 771 522 832 omnibus
543 770 748 830 exheredatus
765 777 823 828 est.
858 768 1030 833 Praemium
1044 769 1181 845 aliquod

132 872 173 917 ex
189 857 240 916 lite
255 863 307 914 aut
320 853 433 914 iudicio
450 854 552 929 capita
578 854 645 915 Non
660 854 753 913 modo
768 852 801 911 id
815 869 877 912 non
894 851 986 927 lacit,
1009 853 1067 913 sed
1081 852 1181 913 atium
1263 849 1265 922 l

132 940 261 1015 insuper
275 936 466 1012 ipsegrandi
482 937 653 1011 sponsione
666 936 765 996 vietus
781 942 838 996 est.
866 934 959 1010 Ergo,
975 933 1003 995 si
1016 935 1066 995 his
1080 935 1179 995 ratio·

133 1023 225 1082 nibus
240 1021 443 1095 locupletatus
457 1032 521 1080 non
536 1028 592 1093 est,
608 1018 688 1079 sicut
701 1034 809 1080 omnes
822 1015 947 1090 videtis,
963 1025 1016 1078 aut
1025 1017 1076 1079 isti
1088 1017 1178 1076 domi
1264 1017 1265 1054 r

132 1105 270 1163 nascitur
291 1112 485 1175 attremant,
510 1103 593 1162 unde
613 1118 675 1162 non
698 1111 746 1162 est
760 1102 891 1174 licitum,
916 1101 1065 1177 pecunias
1081 1101 1178 1174 oepit.
1264 1165 1265 1174 ἶ

132 1186 239 1247 heliu.
262 1187 350 1244 item:
373 1186 489 1259 Saepe,
510 1186 644 1258 iudices,
660 1185 794 1245 animum
808 1185 927 1246 adverti
942 1186 1054 1245 multos
1069 1184 1181 1257 aliqua

135 1284 174 1326 ex
195 1266 393 1339 honestare,
420 1282 512 1341 quam
534 1284 573 1326 ne
594 1267 708 1327 inimici
730 1268 855 1342 quidem
876 1266 1028 1327 criminari
1041 1267 1177 1341 possint,

135 1349 194 1409 sibi
214 1348 401 1423 praesidium
416 1358 537 1424 petere,
564 1366 695 1425 quorum
709 1351 784 1410 nihil
799 1359 903 1426 potest
917 1349 1112 1411 adversarius
1131 1352 1177 1409 fa-
1261 1362 1264 1431 t

136 1448 218 1493 cere.
244 1433 320 1491 Nam
336 1441 434 1492 etnim
451 1434 491 1493 ad
510 1434 605 1509 patris
621 1435 670 1495 sui
686 1436 829 1495 virtutem
841 1437 1020 1512 confugiet?
1042 1436 1085 1495 ht
1103 1450 1178 1494 euru
1263 1492 1264 1511 2

135 1531 195 1576 vos
206 1517 296 1575 iurati
309 1516 411 1591 eapite
423 1518 603 1578 damnastis.
618 1523 668 1579 An
680 1520 720 1578 ad
733 1535 822 1579 suam
836 1529 1010 1582 revertetur
1020 1517 1178 1592 antiquam
1264 1543 1265 1590 ,

135 1604 228 1662 vitam
243 1603 353 1662 alieubi
367 1603 692 1671 honestetraotatamt
711 1606 789 1665 Non.
810 1605 887 1664 Nam
900 1603 949 1662 hic
964 1602 1090 1677 quidem
1104 1614 1175 1662 ante

136 1688 245 1747 oculos
259 1695 382 1748 vestros
398 1689 554 1762 quomode
570 1688 691 1762 vixerit,
706 1687 792 1748 scitis
808 1703 925 1749 omnes.
959 1689 1008 1745 An
1023 1693 1175 1760 cognatos
1264 1685 1265 1770 f

136 1787 211 1831 suos
234 1770 437 1844 enumerabit,
463 1770 576 1846 quibus
595 1788 655 1832 vos
676 1770 840 1832 conveniat
855 1769 1063 1831 commoverit
1087 1772 1129 1829 At
1143 1768 1174 1827 hi

136 1854 261 1928 quidem
276 1855 350 1914 nulli
365 1864 446 1914 sunt
481 1855 608 1914 Amicos
623 1856 781 1929 proseratt
799 1856 841 1912 At
856 1869 946 1927 nemo
962 1862 1025 1927 est,
1048 1851 1173 1927 qrrisibi
1254 1892 1266 1931 ὦ

135 1952 197 1994 nen
213 1944 302 2010 turpe
317 1945 403 2011 putet
416 1936 506 1996 istius
520 1937 652 1997 amicum
665 1935 825 1997 nominari.
845 1937 935 1994 Item=
952 1935 1062 2009 Credo,
1076 1936 1172 1995 inimi-

136 2033 221 2089 cum,
238 2033 329 2091 quem
344 2028 506 2079 nocentem
520 2021 667 2095 putabas,
683 2017 713 2077 in
728 2018 874 2078 iudicium
889 2016 1070 2078 adduxisti?
1090 2020 1173 2078 Non=

134 2115 206 2160 nam
220 2099 429 2162 indemnatum
442 2102 570 2164 necasti·
601 2102 719 2176 Leges,
742 2117 822 2177 quae
837 2102 868 2161 id
882 2102 986 2160 tacere
1001 2101 1174 2176 prohibent,

134 2181 252 2245 veritus
273 2192 331 2245 est
354 2189 396 2246 At
415 2202 455 2245 ne
471 2185 602 2262 scriptas
618 2184 743 2260 quidem
756 2185 910 2247 iudicasti.
947 2185 1046 2259 Quum
1060 2186 1129 2260 ipse
1143 2195 1175 2245 te

136 2268 250 2328 veteris
272 2267 422 2329 amicitiae
438 2270 731 2345 commonefaceret,
757 2278 930 2331 commotus
944 2276 1001 2329 est
1025 2273 1066 2329 At
1080 2269 1173 2328 nihilo

135 2352 247 2425 minus,
263 2353 320 2412 sed
335 2352 425 2413 etiam
440 2353 610 2415 studiosius
626 2353 777 2415 occidisti.
799 2354 900 2428 Quid?
916 2370 1010 2428 quum
1021 2351 1076 2413 tibi
1087 2351 1173 2426 pueri

135 2436 176 2492 ad
198 2436 296 2507 pedes
316 2438 540 2509 volutarentur,
567 2435 779 2497 misericordia
798 2444 900 2497 motus
922 2443 979 2496 est
1002 2438 1048 2497 >At
1069 2450 1174 2494 eorum

136 2524 253 2588 patrem
269 2516 481 2576 crudelissime
496 2520 655 2591 sepultura
669 2534 794 2593 quoque
809 2518 1004 2593 prohibuisti.
1031 2515 1081 2578 34.
1095 2517 1174 2575 Mul-

135 2606 199 2656 tum
219 2597 300 2656 inest
320 2598 505 2673 acrimoniae
526 2608 556 2659 et
570 2599 728 2675 maritmis
743 2601 774 2675 ip
788 2601 847 2665 hac
862 2602 1077 2673 exornatione,
1101 2612 1172 2671 pto-

137 2687 242 2754 pterea
257 2676 357 2754 quod,
380 2697 473 2756 quum
489 2679 662 2757 quaesitum
677 2693 740 2758 est,
756 2683 831 2760 quid
842 2672 1003 2760 oporteat,
1016 2672 1173 2744 subiicitur

135 2763 169 2823 id
182 2780 244 2825 non
260 2780 332 2824 esse
347 2764 468 2825 laetum.
503 2764 603 2838 Quare
617 2764 761 2827 facillime
775 2768 825 2840 fit,
844 2776 879 2828 ut
893 2774 1081 2843 exaugeatur
1094 2763 1171 2824 indi·
1265 2756 1266 2811 i

136 2843 238 2918 gnitas
250 2843 376 2918 negotii.
392 2844 439 2902 Ex
452 2843 561 2902 eedem
571 2858 701 2918 genere,
714 2852 749 2903 ut
764 2845 803 2903 ad
818 2852 957 2905 nostram
970 2859 1097 2918 queque
1107 2860 1174 2919 per·
1265 2828 1266 2883 ³

137 2942 246 2987 sonam
267 2931 437 2988 reseramus
460 2927 698 2998 subiectionem,
722 2927 783 2987 sic:
812 2928 887 2987 llam
908 2928 983 3003 quid
1003 2943 1053 2984 me
1073 2929 1174 2986 lacere

137 3012 293 3080 convenit,
313 3028 407 3094 quum
423 3027 442 3070 a
456 3018 542 3072 tanta
554 3012 711 3070 Gallorum
726 3010 920 3071 multitudine
935 3008 1174 3068 circumsedere-

97 3136 120 3177 ,χ
137 3091 226 3148 mur?
246 3092 448 3153 Dimiearem?
461 3098 504 3154 At
519 3109 588 3154 cum
604 3108 702 3167 parva
717 3109 810 3152 manu
823 3101 888 3153 tum
901 3090 1113 3166 prodiremus:
1130 3092 1173 3151 lo-

122 3185 208 3251 „cum
217 3177 577 3250 quoqueiniquissimum
586 3174 787 3236 habebamus.
797 3173 981 3236 Sederemin
990 3173 1173 3235 castristht

121 3267 241 3322 -neque
252 3258 433 3328 subsidium,
447 3260 531 3331 quod
544 3267 769 3334 exspectarem,
782 3259 971 3319 habebamus
983 3273 1087 3332 neque
1100 3265 1170 3330 erat,

113 3357 119 3377 ι
139 3333 291 3405 quivitam
299 3339 939 3414 produceremusuastrarelinquerem?At
947 3343 1169 3403 obsidebamur.

137 3414 240 3470 Vitam
251 3414 379 3473 militum
391 3422 600 3492 negligerem?
618 3430 661 3482 At
671 3439 728 3482 eos
742 3423 869 3482 videbar
880 3441 918 3483 ea
930 3426 1094 3500 accepisse
1105 3441 1168 3484 con-
