2575 3892
154 129 215 194 ma
348 95 351 101 ’
521 127 572 186 nn
587 125 822 186 mvnurronn
1153 82 1196 192 ’ω

153 284 213 343 bus
228 282 268 340 de
283 279 386 340 causis
401 279 536 340 iudicem
550 277 690 338 dubitare
708 284 862 353 oportere,
886 276 913 336 si
927 282 980 337 aut
994 280 1144 355 scriptum
1159 283 1196 341 sit

155 367 287 426 obscure
302 371 354 424 aut
368 369 460 438 neget
473 363 591 438 aliquid
605 362 820 431 adversarium
842 359 946 421 XLIV.
970 359 1042 424 127.
1059 378 1154 436 quum
1167 374 1198 425 et

155 449 303 523 scriptum
323 455 432 523 aperte
452 448 492 507 sit
512 454 546 507 et
564 446 761 507 adversarius
783 445 886 511 omnia
910 446 1109 521 confiteatur,
1135 456 1194 509 tum

155 532 285 593 iudicem
310 531 371 607 legi
391 545 517 608 parere,
543 545 605 590 non
620 530 812 606 interpretari
826 531 926 603 legem
942 538 1097 606 oportere.
1131 533 1194 592 Hoc

154 619 224 677 loco
241 614 420 677 confirmato
461 621 526 676 tum
541 615 661 674 diluere
673 630 726 688 ea,
753 628 833 688 quae
848 619 955 674 corma
971 614 1031 693 dici
1047 620 1192 690 poterunt,

155 698 318 776 oportebit.
339 699 451 762 Contra
461 705 563 759 autem
576 699 704 771 dicetur,
720 697 747 757 si
759 704 813 756 aut
822 711 952 771 prorsus
966 698 1051 759 uliud
1061 702 1194 761 sensisse
1252 696 1253 721 ³

155 785 289 859 scriptor
309 790 340 844 et
360 784 527 859 scripsisse
542 782 624 842 aliud
640 781 915 855 demonstrabitum
940 790 975 843 ut
989 781 1021 841 in
1033 782 1088 842 illa
1100 784 1138 843 de
1151 791 1193 842 te-

156 874 323 941 stamento,
346 884 438 942 quam
453 866 631 942 posuimus,
652 864 874 938 controversia,
896 871 949 924 aut
964 882 1062 926 causa
1076 867 1194 927 adsum-

156 953 240 1027 ptiva
260 952 420 1026 inseretur,
447 950 649 1027 quamobrem
671 950 788 1024 scripto
813 961 875 1008 non
902 951 1037 1023 potuerit
1061 958 1197 1013 autnon

156 1035 324 1112 oportuerit
339 1036 554 1110 obtemperari.
578 1031 650 1096 lae.
666 1032 700 1094 Si
711 1032 795 1094 aliud
807 1033 946 1092 sensisse
959 1036 1100 1110 scriptor,
1116 1035 1198 1094 atiud

156 1117 324 1193 scripsisse
346 1120 479 1194 dicetur,
505 1121 547 1192 is,
574 1118 626 1193 qui
641 1116 758 1192 scripto
773 1122 889 1191 utetur,
915 1117 993 1177 haec
1010 1119 1109 1180 dicet:
1136 1135 1198 1178 non

156 1208 300 1278 oportere
315 1203 355 1261 de
370 1205 436 1262 eius
451 1202 609 1263 voluntate
619 1217 679 1263 uos
691 1202 906 1276 argumentari,
924 1204 984 1278 qui,
999 1218 1038 1262 nc
1049 1204 1081 1263 id
1093 1204 1198 1262 tacere

156 1301 339 1362 possemus,
365 1285 511 1345 indicium
531 1284 622 1345 nobis
635 1284 795 1359 reliquerit
808 1300 886 1346 suae
899 1286 1074 1353 voluntatis;
1100 1288 1199 1344 muita

154 1369 351 1431 incommoda
364 1369 524 1446 consequi,
545 1370 572 1428 si
587 1369 771 1443 instituatur,
785 1374 821 1429 ut
834 1368 873 1428 ab
896 1368 1007 1444 scripto
1021 1368 1198 1428 recedatur.

154 1455 231 1514 Nam
246 1462 277 1514 et
290 1470 356 1527 eos,
373 1453 426 1529 qui
440 1450 557 1530 aliquid
571 1451 718 1526 scribant,
732 1468 796 1512 non
811 1453 1041 1513 existimaturos
1055 1453 1097 1527 id,
1114 1453 1198 1528 quod

155 1539 351 1613 scripserint,
378 1545 476 1599 ratum
498 1542 650 1606 futurum3
676 1544 800 1611 siens,
828 1538 881 1613 qui
895 1538 1043 1612 iudicent,
1073 1544 1199 1611 certum,

159 1623 245 1699 quod
259 1628 438 1696 sequantur,
454 1623 526 1681 nihii
543 1621 713 1696 habituros,
726 1621 753 1681 si
766 1624 862 1681 semel
873 1621 912 1681 ab
924 1621 1038 1697 scripto
1050 1621 1200 1681 recedere

156 1708 383 1767 consueverint.
421 1706 510 1778 Quod
531 1707 559 1766 si
579 1706 723 1765 voluntas
745 1705 905 1781 scriptoris
920 1706 1138 1766 conservanda
1152 1705 1201 1780 sit,

156 1805 199 1863 se,
215 1806 277 1849 non
293 1791 499 1864 adversarios,
520 1791 709 1850 avoluntate
724 1790 792 1850 eius
807 1796 899 1851 stare.
927 1790 1002 1850 Nam
1016 1791 1112 1850 multo
1129 1805 1201 1865 pro-

155 1874 226 1948 pius
249 1873 399 1932 accedere
419 1874 460 1932 ad
480 1873 642 1947 scriptoris
662 1874 849 1935 voluntatem
864 1890 949 1948 eum,
977 1874 1031 1949 qui
1046 1875 1200 1948 exipsius

155 1973 224 2017 eam
245 1956 351 2016 litteris
366 1956 596 2031 interpretetur,
625 1974 717 2032 quam
731 1957 832 2032 illum,
859 1958 911 2033 qui
926 1959 1109 2018 sententiam
1122 1957 1202 2017 scri-

157 2040 253 2118 ptoris
271 2054 332 2098 non
348 2052 388 2098 ex
402 2040 501 2115 ipsius
517 2039 633 2114 scripto
649 2046 783 2118 spectet,
806 2043 891 2117 quod
904 2042 955 2101 ille
968 2056 1047 2103 suae
1062 2042 1204 2103 volunta-

154 2126 194 2186 tis
217 2123 306 2199 quasi
320 2124 484 2198 imaginem
497 2124 669 2200 reliquerit,
696 2127 755 2186 sed
772 2126 951 2187 domesticis
966 2126 1205 2201 suspicionibus

155 2215 374 2284 perscrutetur.
417 2205 488 2270 129.
517 2206 571 2268 Sin
598 2224 726 2270 causam
749 2209 866 2272 adseret
893 2210 937 2284 is,
959 2212 1011 2286 qui
1035 2226 1055 2270 a
1075 2208 1206 2271 senten-

154 2295 197 2352 tia
220 2293 326 2365 stabit,
347 2290 479 2366 primum
502 2292 559 2351 erit
582 2300 690 2353 contra
714 2294 893 2354 diceudnmt
916 2309 1009 2370 quam
1030 2293 1206 2354 absurdum

154 2393 217 2438 non
238 2390 353 2450 negare
374 2384 481 2436 contra
498 2378 599 2450 legem
622 2378 751 2451 iecisse,
773 2378 844 2451 sed,
868 2393 965 2453 quare
988 2378 1105 2451 iecerit,
1129 2394 1208 2439 cau·

155 2476 222 2520 sam
244 2459 380 2532 aliquam
392 2459 545 2528 invenire;
572 2460 686 2520 deinde
727 2477 881 2522 conversa
895 2477 967 2522 esse
983 2456 1103 2542 omnia;¹
1130 2467 1210 2520 ante

155 2544 265 2604 solitos
281 2555 353 2601 esse
369 2549 568 2604 accusatores
582 2543 735 2604 iudicibus
749 2545 956 2619 persuadere,
976 2544 1113 2604 adfinem
1129 2559 1210 2609 esse

154 2625 283 2687 alieuius
299 2623 409 2699 culpae
420 2641 499 2702 eum,
515 2627 569 2703 qui
581 2635 797 2698 accusasatum
822 2647 949 2693 causam
965 2633 1100 2702 adferre,
1118 2643 1211 2704 quae

154 2709 285 2772 eumad
307 2711 497 2783 peccandum
520 2710 709 2785 impulisset,
733 2726 817 2785 nunc
837 2713 941 2788 ipsum
964 2727 1049 2774 reum
1071 2727 1212 2773 causam

154 2797 289 2867 adferre,
313 2808 409 2867 quare
423 2794 594 2871 deliquerit.
628 2794 699 2857 130.
714 2795 834 2857 Deinde
847 2796 928 2857 hanc
942 2795 1089 2858 inducere
1104 2798 1212 2871 pcrti-

153 2881 276 2953 tionem‚
294 2877 382 2936 cuius
397 2877 428 2936 in
446 2877 583 2953 singulas
598 2885 703 2952 partes
715 2881 830 2943 multae
841 2881 1026 2942 convenient
1035 2893 1211 2957 argumen-

152 2965 300 3024 tationem
315 2961 456 3037 primurn,
469 2962 553 3021 nuda
562 2963 594 3020 in
606 2964 674 3037 lege
685 2963 778 3023 ullam
792 2980 918 3026 causam
930 2970 1037 3027 contra
1048 2964 1212 3038 scriptum

154 3047 254 3122 accipi
275 3044 458 3115 convenire;
485 3044 613 3119 deinde,
640 3047 667 3106 si
688 3047 719 3108 in
742 3050 872 3111 caeteris
887 3049 1008 3124 legibus
1023 3050 1212 3120 conveniat,

153 3127 234 3186 hanc
249 3144 322 3189 esse
336 3129 488 3188 eiusmodi
502 3131 609 3204 legem,
625 3138 659 3191 ut
673 3131 702 3190 in
719 3144 757 3191 ea
771 3147 834 3194 non
848 3140 1006 3209 oporteat;
1028 3138 1213 3205 postremo,

152 3205 228 3297 siin
240 3207 301 3266 hac
316 3225 442 3283 quoque
456 3214 525 3286 lege
539 3215 695 3288 oporteat,
708 3214 800 3277 »hanc
816 3218 941 3291 quidem
957 3217 1214 3291 oausamacc'rpi

156 3296 277 3372 mrurme
297 3298 450 3378 oportere.
483 3294 575 3354 XLV.
590 3295 691 3356 Prima
706 3313 780 3372 pars
794 3299 843 3359 his
860 3302 925 3360 iere
939 3299 1018 3360 locis
1034 3298 1214 3361 confirma-

155 3359 251 3416 blturt
272 3372 414 3436 scnptori
436 3388 537 3446 neque
552 3377 707 3450 ingenium
722 3397 825 3456 neque
841 3398 971 3460 operam
985 3396 1090 3458 neque
1104 3385 1216 3444 ullam
