2575 3892
463 169 518 229 AD
542 170 573 229 C.
597 169 826 230 HERENNIUM

125 352 189 397 ces.
213 335 323 395 Solent
338 332 418 394 enim
433 331 486 393 diu
499 333 636 408 cogitare
648 350 766 408 omnes,
782 333 835 410 qui
846 351 958 411 magua
972 335 1098 412 negotia
1108 353 1169 398 vo·

21 416 22 485 ζ
66 423 191 507 „Nlunt
213 431 317 491 agere.
353 418 421 477 Non
440 421 549 490 potest
569 414 745 478 huiusmodi
767 433 869 483 sermo
885 426 993 479 tenere
1016 425 1169 483 attentum

21 508 22 561 3
124 499 314 562 auditorem:
339 498 452 561 diffluit
467 497 547 559 enim
562 505 647 561 totus
662 515 765 575 neque
780 501 947 576 quidquam
964 502 1169 577 comprehen·
1267 514 1268 569 l

124 585 203 646 dens
224 582 374 659 perlectis
391 581 496 643 verbis
512 580 715 659 amplectitur.
753 584 809 659 Qui
830 600 893 644 non
907 592 1042 660 possunt
1063 584 1171 646 inille

124 665 313 729 facetissima
323 667 490 727 verborum
502 665 712 731 attenuatione
723 668 886 729 commode
898 667 1025 740 versari,
1037 667 1172 729 veniunt

125 752 165 812 ad
180 750 299 812 aridum
321 759 352 811 et
373 765 531 825 exsangue
547 766 646 826 genus
670 748 834 823 orationis,
852 752 936 826 quod
952 767 1015 813 non
1030 751 1168 813 alienum

125 841 174 896 est
185 834 266 896 exile
280 834 446 905 nominari,
467 831 641 895 cuiusmodi
655 840 704 896 est
717 833 794 894 hoc:
816 836 890 894 Nam
905 834 974 895 istic
989 833 1019 895 in
1035 834 1169 895 balineis

124 915 259 979 accessit
273 919 313 978 ad
328 918 426 979 hunc:
443 924 556 994 postea
566 916 654 977 dicit:
676 915 732 977 llic
743 923 814 979 tuus
828 934 939 998 servus
952 934 1002 980 me
1014 918 1164 994 pulsavit.

124 1003 238 1063 Postea
252 999 325 1062 dicit
340 1000 389 1062 hic
401 999 459 1062 illi:
481 999 701 1062 Considerabo.
733 1002 808 1063 Post
827 1001 879 1062 ille
901 1001 1075 1063 convicium
1091 1002 1167 1063 tecit

125 1093 158 1144 et
175 1085 272 1160 magis
292 1084 454 1160 magisque
468 1091 634 1161 praesente
649 1083 751 1145 multis
767 1084 1088 1169 clamavit.„ljriqolus
1115 1085 1167 1145 hic

126 1164 252 1247 quidem
263 1167 324 1226 iam
337 1167 536 1228 etilliberalis
548 1175 597 1247 est
609 1184 723 1228 sermo.
744 1169 811 1230 Non
825 1170 905 1229 enim
919 1176 968 1229 est
979 1162 1167 1245 adeptusid,

126 1244 211 1325 quod
226 1246 319 1309 habet
334 1256 492 1310 attenuata
514 1248 626 1326 ligura,
647 1249 734 1326 puris
750 1259 782 1312 et
796 1252 904 1313 electis
919 1251 1022 1312 verbis
1040 1266 1161 1327 compo-

126 1332 215 1393 sitam
231 1331 525 1409 orationem.=0mne
535 1349 634 1409 genus
648 1334 797 1415 orationis
809 1342 842 1396 et
854 1349 951 1412 grave
966 1343 998 1396 et
1008 1335 1167 1397 mediocre

127 1421 158 1474 et
169 1404 518 1509 attenuatum,dignitate
528 1408 676 1499 adficiunt
682 1419 958 1493 „aromatumque
966 1420 1078 1496 quibus
1089 1425 1169 1494 post

124 1501 289 1574 loquemur
297 1519 306 1571 ;
323 1516 402 1574 quae
416 1499 444 1561 si
455 1515 545 1561 rarae
555 1494 768 1576 disponentur,
781 1502 965 1579 distinctam,
981 1501 1071 1563 sicuti
1081 1503 1166 1562 colo-

124 1582 227 1653 ribus;
248 1582 274 1642 si
289 1582 417 1642 crebrae
432 1584 675 1657 collocabuntur,
692 1584 817 1647 oblitam
834 1589 967 1649 reddunt
983 1585 1166 1648 orationem.

126 1664 190 1726 Sed
205 1666 334 1741 liguram
356 1667 386 1726 in
408 1667 541 1729 dicendo
557 1676 748 1730 commutare
767 1678 899 1746 oportet,
916 1677 949 1735 ut
964 1685 1091 1747 gravem
1104 1684 1167 1729 me·

126 1747 255 1822 diocris,
287 1749 475 1812 mediocrem
499 1749 634 1828 excipiat
658 1758 832 1827 auenuata,
859 1755 971 1815 deinde
995 1753 1165 1818 identidem

127 1841 363 1906 commutentur,
377 1844 412 1895 ut
426 1835 515 1896 lacile
530 1834 657 1897 satietas
671 1837 822 1898 varietate
836 1837 958 1899 vitetur.

209 1917 275 1976 Xll.
301 1917 350 1976 17.
367 1917 526 1991 Quoniam,
544 1918 654 1993 quibus
668 1920 698 1977 in
714 1920 880 1993 generibus
895 1919 1030 1977 elocutio
1047 1915 1168 1978 versari

125 1998 247 2068 debeat,
266 1999 379 2060 dictum
396 2008 452 2070 est,
467 1998 628 2061 videamus
644 2015 839 2079 nunc„qpps
855 2015 906 2081 res
917 1998 1035 2079 debeat
1049 1998 1170 2071 habere

126 2081 260 2141 elocutio
277 2083 440 2143 commoda
451 2090 482 2143 et
492 2085 641 2158 perlecta.
668 2084 752 2157 Quae
763 2082 895 2142 maxime
907 2078 947 2142 ad
958 2081 1084 2141 modum
1097 2097 1167 2142 ora·

124 2162 202 2225 toris
216 2167 452 2226 accommodata
467 2175 523 2239 est,
540 2173 604 2226 tres
617 2182 670 2228 res
687 2165 718 2227 in
736 2183 772 2228 se
786 2166 881 2228 debet
896 2164 1022 2236 habere,
1044 2165 1091 2224 ele
1113 2180 1166 2245 au-

124 2247 208 2320 nam,
225 2247 490 2325 compositionem,
510 2251 698 2327 dignitatem.
730 2250 891 2329 Elegantia
908 2257 964 2321 est,
984 2242 1083 2324 quae'
1095 2264 1113 2308 a
1125 2242 1165 2319 it,

123 2339 160 2394 ut
175 2324 426 2409 unumquidque
439 2325 688 2416 pure-et‘a‘perte
721 2328 762 2394 ici
776 2330 926 2395 videatur.
959 2334 1045 2392 Haeo
1064 2330 1164 2393 distri·

124 2415 228 2479 buitur
240 2419 270 2476 in
284 2416 478 2478 Latinitatem
499 2425 530 2477 et
548 2414 681 2493 eiplana
706 2433 807 2477 onem.
832 2416 1065 2497 Juatinitasest,
1083 2428 1164 2490 quae

125 2515 301 2560 sermonem
315 2514 428 2573 purum
447 2508 626 2571 conservat,
649 2502 687 2560 ab
704 2499 787 2559 omni
804 2498 1055 2575 vitioremotum.
1080 2495 1163 2558 Vitia

124 2582 156 2644 in
172 2596 327 2655 sermone,
344 2597 406 2656 quo
418 2579 518 2641 minus
533 2580 561 2640 is
575 2582 702 2643 Latinus
714 2581 762 2653 sit,
777 2584 840 2644 duo
856 2591 991 2659 possunt
1007 2578 1163 2665 ess'etpo·

125 2663 295 2735 loecismus
312 2671 343 2726 et
353 2661 574 2751 Qlltaritmlls·
601 2664 813 2749 soloecismus
829 2674 885 2742 est,
904 2685 998 2744 quum
1015 2666 1045 2726 in
1060 2648 1163 2725 verbis

124 2748 266 2828 pluribus
282 2764 480 2826 consequens
500 2748 630 2809 verbum
647 2749 800 2825 superiori
817 2769 879 2812 non
901 2747 1162 2814 accommodatur.

124 2837 341 2905 Barbarismus
355 2840 411 2910 est,
425 2849 519 2911 quum
530 2833 659 2893 verbum
671 2832 798 2910 aliquod
811 2835 921 2896 vitiose
934 2835 1070 2904 effertur.
1080 2829 1164 2890 Haec

126 2939 190 2996 qua
203 2923 323 2983 ratione
336 2920 437 2981 vitare
453 2916 621 2994 possimus,
637 2915 668 2977 in
678 2923 751 2985 ¹arte
761 2919 958 2994 grammatica
974 2915 1107 2977 dilucide
1122 2912 1165 2974 di-

127 3019 243 3062 cemus.
280 3002 465 3078 Explanatio
487 3009 552 3075 est,
576 3016 657 3077 quae
672 3001 774 3063 reddit
795 3008 932 3078 apertam
954 3006 984 3058 et
1000 2994 1165 3056 dilucidam

127 3085 307 3145 orationem.
339 3088 385 3145 Ea
400 3092 597 3161 eomparatur
610 3084 731 3145 duabus
747 3085 856 3156 rebus,
879 3081 997 3142 usitatis
1012 3074 1116 3137 verbis
1133 3085 1165 3138 et

126 3166 271 3241 propriis.
295 3167 416 3229 Usitata
431 3177 504 3230 sunt
518 3185 563 3241 ea,
578 3184 659 3244 quae
673 3172 837 3227 versantur
848 3168 879 3225 in
891 3178 1035 3224 sermone
1046 3168 1078 3222 et
1090 3176 1163 3221 con·

127 3247 290 3306 suetudine
308 3249 477 3322 cotidiana,
499 3251 639 3326 propria,
663 3266 744 3324 quae
763 3248 829 3308 eius
850 3246 895 3308 rei
909 3246 1005 3307 verba
1021 3251 1094 3306 sunt
1110 3252 1164 3305 aut

128 3341 200 3388 esse
216 3336 358 3400 possunt,
377 3348 438 3402 qua
454 3335 493 3392 de
507 3336 680 3407 loquemur.

215 3404 263 3464 ¹⁸·
289 3407 495 3507 §Ompositio
505 3422 554 3474 est
572 3415 739 3476 vernorum
760 3410 965 3484 constructio,
990 3426 1070 3487 quae
1090 3408 1164 3473 lacit
