2575 3892
443 186 633 237 PROOEMIUM
652 184 810 235 nononis.
940 196 944 201 “
1080 202 1149 247 xvll

107 338 141 389 ln
155 341 246 390 itinere
262 338 379 389 Morinum
396 354 419 390 c.
438 346 494 396 etc..
513 338 583 400 quod
599 345 653 387 erat
669 353 751 401 paene
771 341 954 392 necessarium.
978 340 1011 392 V.
1032 338 1099 388 inira
1114 340 1149 403 Il,
1233 332 1260 391 J:

37 456 38 461 ,
102 410 155 469 61,
175 406 236 461 153.
271 407 332 458 Mox
349 423 373 456 c.
387 406 413 459 5.
425 407 450 467 §.
467 402 508 457 16.
526 421 582 455 nam
598 413 625 454 ut
641 420 689 469 pro
706 414 734 455 ut
749 409 812 456 enim
829 409 889 468 et§.
903 404 945 461 18.
958 405 1150 458 numinianum

37 484 38 489 ’
100 493 183 543 penus
199 491 246 542 pro
264 492 321 525 num
338 475 424 524 dorum
434 478 460 525 in
469 489 549 539 penus
560 479 599 522 esi
612 489 644 522 ex
658 475 760 538 optimis
772 476 853 529 libris.
873 491 896 524 c.
910 473 936 527 7.
949 477 974 537 S.
988 474 1033 526 14.
1044 477 1148 540 scripsi:

101 549 127 598 ei
145 547 222 610 ratio,
240 546 377 609 adiutores,
395 545 535 594 adiumenta
553 548 696 607 ceteraque,
714 557 778 607 quae
796 551 842 593 etc.
860 558 893 593 ex
909 546 1027 594 omnibus
1046 545 1099 594 iere
1117 543 1150 593 li-

102 616 159 665 bris
176 628 223 679 pro
241 614 346 677 vulgato
364 619 517 677 sicaetera,
536 625 601 676 quoe
619 619 884 676 anteactorum.
902 614 1012 662 Tontnm
1024 613 1091 662 enim
1104 615 1150 661 ab·

103 691 155 747 est,
170 690 200 731 nt
215 682 266 732 hcc
281 681 375 732 falsum
391 683 432 746 sit,
450 689 479 731 ut
492 680 578 731 Cicero
596 681 749 744 saepissime
767 682 805 730 sic
816 680 918 744 dixerit,
935 698 960 731 v.
973 682 1093 731 Accusat.
1106 680 1149 731 lib.

40 780 43 797 .
103 751 124 800 l.
139 767 161 802 e.
173 746 216 803 36.
230 753 254 813 5.
269 749 312 803 91.
331 750 403 801 Cutil.
419 766 457 804 or.
475 751 516 802 ill.
534 765 557 801 c.
574 745 599 802 8.
615 751 640 811 S.
655 747 699 801 18.
718 766 758 814 ep.
777 750 821 801 ad.
838 750 900 813 farn.
917 748 961 798 lib.
980 750 1025 798 IV.
1044 766 1084 814 ep.
1104 748 1148 799 13.

39 850 40 857 ι
105 821 132 881 S.
152 815 177 869 6.
203 833 243 881 ep.
262 821 299 870 ad
320 818 350 881 Q.
366 820 448 884 fratr.
472 819 516 867 lib.
535 819 576 867 ΙΙΙ.
599 833 638 882 ep.
656 816 683 871 8.
700 821 724 881 S.
740 819 765 872 1.
788 820 822 868 de
836 819 888 881 sat.
914 833 937 867 c.
956 816 997 866 16.
1018 819 1043 878 S.
1062 815 1104 868 33.
1125 826 1151 865 et

103 902 183 953 saepe
201 888 275 937 alias.
300 904 323 938 c.
338 887 381 942 ll.
394 890 420 949 §-
433 886 476 940 36.
493 885 573 936 malui
588 887 712 937 librorum
730 886 880 954 scripturam
897 886 1041 948 relinquere
1057 886 1094 934 ita
1109 886 1137 933 in

102 964 274 1021 terpunotam:
288 971 340 1020 per
357 972 429 1021 quam
445 959 560 1009 anserum
572 956 675 1020 fannus
688 972 743 1007 esse
756 965 780 1007 et
791 958 916 1021 indiqunnr
926 953 1150 1011 demonstrabitur5

38 1036 42 1079 ῑ
102 1032 139 1089 ιιι,
157 1040 229 1090 quum
247 1032 293 1078 etc.
312 1040 389 1090 quam
405 1026 528 1079 audacius
545 1039 604 1075 eum
620 1023 726 1074 Grutero
744 1041 882 1091 reponere:
899 1041 1021 1089 perquam
1035 1024 1150 1072 miserum

101 1094 205 1157 facinus
222 1109 278 1144 esse
295 1102 320 1144 et
336 1090 474 1159 indiqnum‚
494 1109 565 1159 quum
582 1099 629 1142 etc.
659 1093 746 1158 Neque
764 1112 786 1144 c.
805 1090 848 1145 11.
867 1096 893 1155 ς.
911 1092 954 1146 41.
976 1093 1075 1157 copiam
1093 1106 1150 1140 ors-

36 1214 37 1217 ,
102 1162 181 1211 tionis
196 1162 360 1213 recidendam
376 1166 464 1228 putavi
481 1163 507 1212 in
524 1162 609 1213 verbis
627 1161 683 1211 his:
707 1164 761 1223 Quo
778 1166 805 1212 ιἰι
818 1176 913 1226 qenere
930 1169 1032 1213 menius
1053 1176 1149 1226 quoque

36 1274 37 1279 ,
101 1230 225 1281 videndus
242 1234 307 1296 erit,
328 1232 376 1283 ltoc
392 1240 443 1296 est,
466 1232 534 1298 quod
549 1246 586 1280 eo:
602 1246 654 1280 uuo
671 1246 769 1297 quaque
787 1246 817 1282 re
833 1234 914 1282 sokun
930 1235 1043 1294 euenire,
1061 1245 1149 1295 nequo

102 1313 182 1362 opere
201 1301 409 1352 considerandam
431 1309 483 1366 est,
507 1307 535 1351 ui
550 1307 627 1351 meires
644 1308 700 1365 etc,
717 1302 763 1351 ubi
787 1302 920 1351 novissimi
943 1302 1054 1351 editores
1071 1302 1150 1349 verba

33 1408 36 1431 .
101 1381 192 1432 muqno
209 1382 287 1432 opere
300 1371 507 1423 considerandum
524 1377 563 1421 est
581 1369 689 1420 delenda
702 1379 864 1435 putaverunt.
892 1367 1063 1431 c.14.s.45.
1084 1369 1149 1432 opti-

33 1436 35 1449 ”
101 1448 203 1486 morum
226 1446 250 1487 at
272 1439 440 1503 plurimorum
463 1438 587 1491 librorum
608 1441 759 1490 anctoritate
785 1440 888 1503 scripsi:
914 1454 960 1489 cun
982 1438 1029 1488 hoc
1050 1438 1149 1499 inipso

32 1522 34 1533 .
100 1507 215 1570 neqotio,
233 1522 279 1556 cun
294 1507 340 1558 loc
354 1516 414 1572 post
430 1510 563 1573 nequitum,
581 1515 625 1556 out
637 1508 731 1570 saonen
750 1509 782 1558 de
799 1508 924 1557 industria
942 1514 987 1557 aut
1002 1521 1055 1555 nem
1070 1507 1150 1567 ipsam

100 1581 257 1625 consecutum
280 1579 313 1626 sid
328 1591 375 1641 pro
392 1577 497 1641 vulgato
516 1582 561 1625 αιιι
582 1575 643 1640 quid
657 1577 752 1638 fuctum
768 1576 800 1626 de
817 1577 942 1625 indistria
960 1582 1007 1625 aut
1021 1574 1083 1638 quid
1098 1588 1150 1622 rem

30 1676 34 1703 2
100 1648 150 1695 etc.
171 1642 214 1692 Sic
232 1645 299 1693 enirn
312 1645 379 1692 bene
396 1644 511 1706 procedit
528 1643 664 1693 sententia.
683 1661 704 1693 c.
717 1643 762 1695 10.
779 1646 802 1704 S.
816 1640 861 1694 61.
880 1653 961 1692 utrum
978 1644 1074 1691 malitia
1090 1641 1151 1703 quid

101 1710 175 1759 aliud
193 1718 294 1773 aquetur,
312 1712 357 1757 ubi
373 1709 450 1772 volgo
468 1709 529 1772 quid
545 1710 681 1770 abiiciunt,
704 1712 796 1771 scripsi
813 1725 846 1758 ex
864 1709 934 1757 libris
951 1710 1006 1758 iere
1023 1709 1150 1770 omnibus,

101 1783 160 1823 tum
177 1789 278 1836 quocum
292 1789 340 1837 pro
357 1777 460 1838 ᾳιιίοιιιιι,
477 1775 525 1823 due
541 1787 588 1836 pro
606 1789 662 1822 eue.
686 1791 709 1822 c.
729 1782 814 1823 autem
828 1773 873 1826 11.
889 1779 914 1836 s.
933 1774 976 1828 61.
995 1777 1090 1824 ueniret
1105 1790 1151 1838 pro

103 1843 222 1906 venisset,
239 1859 265 1892 v.
285 1840 354 1891 infre
371 1841 403 1907 Π,
421 1838 464 1905 41,
483 1837 545 1892 111.
572 1857 595 1897 c.
612 1838 656 1890 11.
675 1843 702 1903 S.
719 1839 761 1896 68.
781 1843 873 1905 scripsi
891 1858 923 1892 ex
941 1843 1046 1907 optimis
1064 1841 1150 1894 libris:

102 1909 173 1976 quod
194 1912 261 1961 inter
283 1923 345 1976 qnos
368 1912 494 1975 convenit,
518 1923 565 1973 pro
587 1910 706 1974 vulgato:
730 1911 799 1976 quod
819 1913 886 1960 inter
910 1913 1008 1977 aliquos
1029 1914 1149 1961 convenit.

29 1986 34 2047 ς
100 1979 155 2028 Hoc
173 1981 240 2030 euim
258 1979 359 2030 facilius
378 1995 411 2029 ex
425 1979 581 2046 glossemate
599 1979 740 2045 emanavit,
759 1994 837 2043 qnam
854 1979 928 2031 illud.
957 1996 979 2030 c.
999 1978 1042 2032 14.
1059 1982 1084 2041 §-
1104 1977 1148 2032 73.

29 2052 31 2065 ⁴
101 2048 194 2112 scripsi
212 2063 245 2098 ex
263 2049 418 2114 optimorum
439 2049 560 2099 librorum
581 2048 699 2098 indiciis:
722 2064 758 2098 en
782 2049 871 2113 quibus
891 2051 1009 2099 iudicatio
1027 2056 1079 2113 est,
1102 2064 1148 2113 pro

31 2124 32 2141 l
100 2114 219 2181 vulgato:
244 2132 279 2167 erc
299 2117 389 2183 quidm
410 2127 468 2168 sunt
489 2117 662 2168 iudicationes.
695 2133 718 2167 c.
735 2114 779 2170 15.
798 2119 823 2179 §-
843 2115 886 2170 75.
906 2120 1000 2168 retinui
1016 2117 1056 2168 bis
1076 2118 1147 2179 illud,

33 2208 34 2217 .
100 2185 169 2250 quod
182 2199 229 2249 pro
247 2187 283 2252 id,
303 2188 438 2251 quodcum
448 2187 521 2237 libris
536 2185 665 2252 plurimis.
683 2202 706 2237 c.
721 2195 806 2236 autem
814 2184 858 2239 16.
867 2189 891 2248 5.
905 2183 949 2241 77.
961 2187 1065 2252 scripsi:
1084 2187 1150 2237 Loci

100 2266 236 2304 conmunes
252 2254 278 2303 Iti
289 2263 370 2305 munt.
388 2256 554 2307 Acuuotovis
564 2262 611 2308 etc.
622 2269 669 2319 pro
680 2254 801 2320 vulgato:
821 2255 886 2307 Loci
893 2271 1029 2307 wncnunec
1038 2257 1147 2320 inerunt,

100 2324 258 2373 coenatoris
275 2331 332 2389 etc..
349 2326 375 2373 in
394 2325 486 2387 quibus
507 2325 592 2374 verbis
612 2323 733 2388 permulti
756 2323 815 2374 libri
837 2333 910 2374 erunt
927 2325 1021 2375 liabent
1042 2339 1090 2390 pro
1110 2326 1148 2375 in-

35 2422 39 2437 ·
104 2400 186 2458 erunt,
205 2392 275 2456 quod
292 2407 354 2444 sane
370 2410 403 2444 ex
420 2393 554 2445 dierunt
570 2400 658 2444 netum
669 2393 776 2446 videtur.
798 2411 819 2444 c.
833 2389 876 2446 17.
888 2390 914 2455 S.
926 2392 970 2445 80.
984 2394 1146 2457 scripsimus:

102 2460 200 2512 Deinde
216 2476 313 2526 nequae
330 2463 417 2513 audiri
431 2471 478 2514 etc.
499 2463 594 2513 omisso
612 2461 726 2527 debebit,
745 2463 814 2526 quod
832 2464 911 2531 vulgo
926 2472 986 2529 post
1002 2479 1096 2528 neqare
1112 2462 1149 2514 le-

36 2544 37 2575 :
103 2529 181 2595 gitur,
198 2544 231 2580 ex
248 2530 320 2581 libris
339 2532 452 2596 optimis.
487 2530 644 2581 Liberiorern
662 2529 782 2594 loquendi
798 2534 924 2583 rationem
942 2541 967 2583 et
984 2535 1011 2583 in
1027 2533 1068 2585 his
1085 2533 1147 2596 ipsis

101 2596 173 2647 libris
195 2605 219 2647 et
241 2599 268 2650 in
286 2598 419 2651 rhetoricis
443 2600 477 2651 ad
495 2597 524 2654 6.
543 2600 698 2650 Herennium
715 2614 793 2665 saepe
811 2602 971 2668 agnovimus.
998 2603 1023 2662 s.
1041 2598 1085 2650 81.
1106 2603 1148 2665 qui

102 2680 166 2716 nunc
181 2675 285 2718 aeuuct
301 2684 359 2719 curn
375 2669 449 2720 librls
467 2682 549 2734 paene
566 2671 684 2719 omnibus
701 2671 861 2723 retinuimus.
892 2688 914 2721 c.
931 2668 975 2722 36.
992 2671 1016 2729 S.
1034 2666 1077 2720 91.
1095 2683 1147 2719 ser-

102 2737 161 2785 vavi
177 2735 299 2788 librorum
314 2739 502 2789 anctoritatem:
524 2754 596 2804 quum
611 2741 637 2789 in
655 2739 706 2790 ulio
722 2742 796 2803 eulpa
813 2742 846 2791 sit
863 2746 909 2789 ant
922 2741 949 2788 in
965 2740 1021 2801 ipso
1039 2752 1088 2786 non
1105 2741 1147 2803 sit,

103 2805 189 2852 autin
204 2806 259 2866 ipso
278 2806 378 2873 dicitur,
397 2816 426 2858 ut
443 2822 521 2873 saepe
539 2808 614 2873 nlius,
631 2823 679 2873 pro
698 2816 742 2859 aut
753 2816 822 2859 certe
835 2810 862 2858 in
873 2810 928 2870 ipso
940 2821 990 2855 non
1001 2806 1043 2857 sit.
1063 2806 1088 2864 s.
1101 2803 1145 2857 91.

103 2872 223 2921 revocavi
240 2873 397 2926 dedendusne
413 2878 448 2926 sit
463 2877 572 2931 hostibus
587 2893 665 2928 necne
689 2892 722 2926 ex
739 2876 811 2926 libris
828 2877 919 2938 bouis,
942 2888 989 2938 pro
1007 2872 1144 2923 dedendus.

102 2954 130 2990 v.
146 2940 214 2989 infra
230 2941 256 3002 5.
276 2937 318 2993 94.
335 2944 489 3008 fueritne-
501 2961 586 2995 neure.
615 2947 640 3005 s.
660 2940 704 2995 93.
723 2959 756 2992 ex
773 2944 845 2992 libris
863 2942 966 3005 optimis
989 2940 1094 3004 scripsi:
1114 2942 1146 2992 co

103 3022 148 3059 suo
164 3009 248 3074 officio
265 3017 291 3061 et
304 3027 321 3062 o
333 3020 520 3076 potestateetc.
538 3028 586 3078 pro
604 3019 629 3061 et
642 3027 660 3060 o
677 3024 725 3060 suo
737 3025 768 3074 p.
787 3013 907 3072 §.autem
921 3007 964 3062 94.
983 3015 1008 3059 et
1024 3025 1059 3061 eo:
1072 3014 1146 3061 onmi-

104 3076 148 3127 dus
164 3080 279 3130 ιιιιιιιιιιίι
290 3084 418 3145 partibus,
437 3084 482 3132 ubi
499 3082 577 3148 vulgo
595 3080 705 3131 enudus
718 3081 849 3138 omittunt,
867 3096 893 3133 v.
914 3080 1020 3132 Gronov.
1042 3080 1076 3128 ad
1093 3081 1144 3134 cic.

104 3147 138 3196 ud
152 3147 179 3198 0.
200 3148 535 3217 Ηεν.111,13,13.,ιιιιιι
559 3157 603 3200 out
624 3150 807 3215 conquestionis
829 3162 876 3214 pro
900 3164 932 3198 ac
954 3150 1144 3213 conquestionis.

39 3222 40 3233 ¹
103 3231 124 3264 c.
142 3213 186 3268 31.
205 3219 230 3279 3.
249 3212 292 3268 96.
312 3222 437 3270 immolare
454 3234 501 3284 pro
517 3220 639 3269 imvnolanv'
661 3227 699 3268 est
722 3234 753 3268 ex
772 3216 875 3283 optimis
892 3216 973 3267 libris.
1001 3218 1025 3277 s.
1044 3212 1087 3266 97.
1106 3232 1145 3264 re-

102 3285 181 3335 tinui:
209 3286 285 3347 Quum
299 3290 325 3338 in
344 3306 375 3340 ea
397 3306 427 3339 re
445 3296 536 3338 contro
556 3290 633 3352 leqem
654 3286 751 3351 aliquid
771 3287 872 3350 fecerit.
907 3285 964 3336 Non
986 3284 1048 3333 satis
1073 3292 1145 3331 caute

40 3402 41 3415 ¹
102 3354 235 3404 novissimi
253 3356 364 3408 editores
390 3358 529 3407 omiserunt
550 3355 655 3419 aliquid.
692 3355 776 3403 Minos
795 3361 834 3404 est
851 3354 949 3419 oiiqrsr'd
963 3359 1052 3401 eontra
1068 3352 1146 3411 leqenr

41 3416 42 3433 ¹
100 3422 202 3487 soem,
226 3438 302 3486 qnam
328 3426 436 3490 simplex
458 3431 547 3474 contra
570 3426 648 3488 lepenr
669 3423 759 3483 fucere
783 3433 808 3471 et
831 3421 896 3470 illud
918 3419 993 3471 adh.
1013 3418 1031 3466 l.
1049 3417 1147 3478 aptius.

142 3505 236 3550 crcsn.
252 3492 274 3548 l.
920 3492 937 3544 b
