2575 3892
134 157 196 220 162
501 155 552 214 DF.
568 152 799 212 ln'l'ljn'TloltE
1140 162 1188 217 60

134 309 214 374 omni
235 324 329 370 causa
350 315 488 368 naturam
509 314 561 366 aut
582 304 695 365 uictum
715 311 767 363 aut
789 300 922 363 studium
944 310 996 361 aut
1017 303 1185 367 loctunam

130 403 182 454 cut
196 392 312 467 aliquid
326 406 442 464 eorum,
459 405 539 465 quae
552 388 696 464 personis
711 386 854 447 attributa
868 392 948 458 sunt,
963 386 1003 444 ad
1018 401 1087 445 earn
1099 402 1183 448 cau-

131 494 211 548 sam,
237 490 299 551 qua
325 482 509 534 commotum
530 487 681 548 peccasse
703 469 800 542 dicet,
825 467 994 543 adiungere
1014 478 1110 545 atque
1134 488 1183 532 ex

131 557 247 634 dispari
269 573 395 633 quoque
409 572 523 632 genere
539 556 713 630 culparum,
739 553 766 615 si
781 570 822 613 cx
835 552 902 627 pari
918 552 1060 613 sumendi
1075 555 1180 615 lacul-

130 653 178 703 tas
198 657 260 702 non
283 640 354 714 crit,
380 639 555 715 improbare
579 638 714 698 animum
736 636 908 698 adversarii
934 635 1098 712 oportebit.
1140 638 1180 699 Si

131 723 258 785 avaritia
272 723 429 784 inductum
442 739 554 798 arguas
569 721 698 795 lecisse,
719 729 750 781 et
763 735 890 780 avarum
904 735 990 792 eum,
1013 737 1105 795 quem
1121 738 1177 782 ao·

131 825 234 881 enses,
256 807 467 867 demonstrare
480 823 542 867 non
556 804 674 882 possis,
694 801 763 864 aliis
779 804 913 864 adfinem
927 801 1012 864 vitiis
1027 820 1099 865 esse
1115 805 1175 865 do-

131 908 213 965 ceas,
228 899 258 952 et
272 906 312 950 cx
326 908 365 951 ca
377 906 412 950 re
426 907 489 951 non
503 905 575 950 esse
589 888 769 962 mirandum,
785 886 883 963 quiin
898 887 950 947 illa
961 903 996 947 re
1008 886 1105 962 turpis
1118 897 1179 949 aut

131 975 263 1050 cupidus
279 982 330 1034 aut
341 974 483 1049 petulans
495 971 593 1045 luerit,
608 972 668 1031 hac
680 986 805 1047 quoque
817 971 848 1031 in
859 987 893 1030 re
906 987 977 1031 cum
988 970 1176 1046 deliquisse.

131 1060 281 1131 Quantum
296 1056 376 1119 enirn
391 1057 605 1117 dehonestate
620 1063 650 1116 et
664 1053 842 1115 auctoritate
857 1053 934 1127 eius,
956 1053 1011 1130 qui
1024 1054 1176 1131 arguitur,

131 1144 299 1202 detractum
315 1150 377 1212 est,
403 1141 580 1201 tantundem
595 1140 635 1198 dc
650 1139 792 1198 facultate
807 1137 900 1199 totius
916 1145 964 1199 est
978 1137 1175 1199 defensionis

131 1222 327 1284 deminutum.
362 1221 413 1284 34.
435 1222 468 1282 Si
489 1222 563 1282 nulli
583 1220 695 1281 adfinis
715 1220 829 1296 poterit
847 1220 922 1283 vitio
942 1237 1013 1281 rcus
1028 1229 1098 1280 ante
1114 1223 1176 1281 ad·

129 1306 226 1367 misso
241 1304 461 1377 demonstrari,
481 1308 570 1364 locus
585 1303 747 1365 inducetur
761 1303 828 1378 ille,
848 1320 906 1380 per
920 1320 1008 1380 quem
1022 1303 1177 1364 hortandi

128 1386 249 1448 iudices
265 1396 362 1461 crunt,
376 1396 410 1448 ut
423 1396 559 1448 veterem
573 1388 685 1448 lamam
699 1386 832 1448 bominis
847 1387 922 1448 nihil
932 1387 1044 1448 adrem
1056 1394 1175 1463 putent

129 1471 293 1547 portinere.
328 1472 404 1531 Nam
425 1488 494 1532 eum
515 1479 586 1532 autc
606 1473 743 1545 celasse,
769 1489 851 1532 nuno
871 1471 1030 1531 manifesto
1050 1470 1174 1543 teneri;

131 1570 227 1630 quare
242 1572 304 1616 non
321 1564 464 1631 oportere
477 1555 557 1616 hanc
571 1571 637 1616 rem
651 1572 692 1616 ex
707 1554 868 1631 superiore
877 1554 941 1616 vita
952 1553 1096 1630 spectari,
1112 1556 1174 1615 sed

131 1638 438 1713 superioremvitam
457 1655 498 1702 ex
517 1638 576 1699 hac
596 1656 631 1700 re
651 1638 833 1714 improbari,
859 1646 890 1700 et
910 1647 964 1699 aut
983 1647 1172 1714 potestatem

128 1731 198 1782 ante
213 1721 364 1797 peccandi
379 1739 441 1783 non
457 1720 554 1783 fuisse
569 1732 622 1783 aut
636 1739 776 1783 causam:
802 1730 870 1797 aut,
895 1722 923 1783 si
936 1723 1014 1783 haec
1028 1721 1091 1782 dici
1106 1740 1172 1783 non

127 1813 281 1881 poterunt,
302 1806 466 1867 dicendum
480 1805 537 1866 erit
550 1805 623 1867 illud
638 1816 816 1879 extremum,
838 1823 900 1867 non
915 1822 987 1867 esse
1001 1805 1121 1880 mirum,
1145 1805 1173 1866 si

127 1905 209 1948 nunc
230 1888 360 1962 primum
381 1886 559 1964 deliquerim
586 1906 656 1950 nam
677 1907 808 1951 necesse
829 1906 901 1951 esse
917 1907 1003 1964 eum,
1028 1889 1080 1965 qui
1096 1889 1173 1950 velit
1260 1927 1262 1949 2

127 1985 275 2045 peccare,
302 1971 468 2046 aliquando
489 1971 620 2046 primum
641 1972 831 2049 delinquere.
868 1973 922 2034 Sin
936 1973 1001 2035 vita
1015 1979 1082 2033 ante
1097 1981 1174 2032 acta

126 2053 326 2127 ignorabitur,
341 2056 401 2114 hoc
416 2057 486 2115 loco
501 2054 667 2130 praeterito
683 2066 722 2130 et,
738 2074 792 2117 cur
807 2065 1027 2132 praetereatur,
1040 2057 1168 2117 demon-

128 2143 234 2209 strato,
249 2136 437 2211 argumentis
452 2137 683 2201 accusationem
699 2139 799 2201 statim
810 2141 992 2217 confirmare
1005 2140 1170 2216 oportebit.

202 2221 253 2279 ΧΙ.
275 2220 326 2281 35.
341 2222 494 2283 Defensor
507 2232 608 2284 autem
623 2224 770 2299 primum,
792 2222 819 2284 si
832 2224 960 2300 poterit,
984 2224 1109 2286 debebit
1123 2223 1171 2283 vl·

125 2310 188 2362 tam
212 2302 295 2377 ciue,
323 2305 375 2379 qui
395 2305 635 2402 insimulabitur,
663 2324 754 2384 quarn
774 2307 1026 2370 honestissimam
1040 2308 1163 2369 demon·

126 2395 232 2446 strare.
265 2389 301 2447 16
322 2388 428 2462 faciet
455 2389 482 2449 si
504 2392 647 2452 ostendet
635 2391 765 2467 talique
780 2389 847 2453 eius
862 2390 1174 2454 notactcommuniu
1260 2434 1261 2447 .

126 2470 243 2539 officim
268 2472 351 2562 quod
366 2487 475 2545 genus,
496 2471 527 2532 in
542 2482 696 2548 parentes,
719 2483 878 2572 cognatos,
895 2474 1018 2547 amicos,
1032 2474 1173 2548 adfines,
1260 2474 1261 2485 ’

124 2550 336 2622 necessarios3
360 2552 451 2614 etiam
467 2571 547 2629 quae
561 2556 659 2632 magis
673 2574 743 2618 rara
757 2567 787 2620 et
802 2559 914 2621 eximia
927 2564 1005 2630 sunt,
1027 2554 1055 2617 si
1069 2555 1109 2616 ab
1128 2573 1172 2619 eo

125 2650 194 2694 cum
209 2650 320 2710 magno
335 2636 453 2713 aliquid
466 2638 573 2701 labore
587 2650 640 2703 aut
654 2641 792 2717 periculo
808 2653 860 2704 aut
870 2652 999 2717 utraque
1009 2656 1054 2715 rc,
1071 2657 1170 2715 quum

124 2735 255 2782 necesse
275 2736 337 2782 non
359 2732 459 2795 esset,
485 2723 580 2785 officii
601 2741 697 2786 causa
711 2725 808 2788 autin
822 2744 887 2788 rem
900 2723 1168 2820 publicamautin

123 2813 269 2880 parentes
294 2805 402 2866 autin
428 2806 551 2882 aliquos
577 2825 699 2884 eorum,
727 2809 780 2886 qui
804 2812 898 2872 modo
924 2807 1059 2885 expositi
1085 2817 1167 2881 sunt,
1259 2862 1260 2867 ,

124 2890 236 2951 lactum
251 2906 323 2950 esse
335 2888 418 2953 dicet
406 2900 431 2962 ις
450 2889 599 2953 deinde
574 2911 600 2954 sr
621 2857 699 2954 nihil
708 2893 888 2970 deliquisse,
903 2896 988 2954 nulla
999 2890 1148 2967 cuprdrta
1150 2908 1169 2953 e
1259 2894 1260 2981 ι

123 2971 302 3051 impeditum
322 2975 361 3035 ab
377 2975 481 3037 officio
495 2975 679 3039 recessisse.
715 2978 804 3052 Quod
819 2993 857 3038 eo
873 2976 1084 3039 confirmatius
1100 2973 1166 3048 erit,
1259 2986 1260 3017 t

124 3057 167 3132 si,
193 3077 287 3136 quum
306 3068 446 3137 potestas
466 3058 592 3136 impune
612 3059 731 3138 aliquid
753 3059 886 3122 faciendi
906 3059 1008 3122 minus
1035 3060 1167 3126 honeste

123 3142 222 3204 luisse
235 3149 361 3217 dicetur,
376 3149 522 3207 voluntas
538 3145 596 3205 eia
607 3146 749 3207 faciendo
762 3143 1022 3207 demonstrabitur
1036 3142 1167 3204 aluisse.
1258 3202 1259 3211 ,

122 3221 173 3279 36.
188 3225 255 3283 Hoc
270 3231 394 3288 autem
386 3246 487 3303 rpsum
502 3245 600 3303 genus
616 3231 673 3290 erit
687 3245 725 3291 eo
741 3229 868 3303 firmius,
884 3227 911 3291 si
927 3226 1096 3304 enipeum
1112 3240 1165 3299 go-

123 3315 212 3368 nerc,
240 3320 301 3373 quo
317 3319 461 3381 argueurr
467 3312 618 3388 ‚integer
633 3321 703 3373 ante
719 3312 816 3374 luisse
832 3309 1107 3372 demonstrabitur
1131 3317 1168 3369 ut

123 3377 165 3445 si,
193 3386 285 3449 quum
307 3389 452 3450 avaritiae
473 3410 567 3455 causa
582 3395 696 3457 secisse
711 3404 817 3471 arguat
818 3413 868 3469 ur,
895 3392 1019 3455 minime
1036 3391 1119 3454 omni
1133 3391 1165 3453 in
