2575 3892
134 167 176 228 20
483 165 536 224 ΑΙ)
559 164 591 222 C.
615 163 846 223 HERENNIUM

133 333 280 406 ascripto
298 332 445 401 dicemus,
462 329 508 389 bis
527 329 606 389 locis
623 337 743 388 utemur
757 331 928 389 secundum
944 332 1169 394 narrationem:
1282 343 1283 404 t

132 416 263 492 primum
281 413 440 488 scriptoris
457 411 696 483 collaudatione,
718 411 834 473 deinde
852 413 958 487 scripti
979 415 1169 487 recitatione„
1282 415 1283 492 3

133 500 244 559 deinde
256 497 499 573 percontatione,
508 496 674 559 scieriutne
685 496 857 557 adversarii
867 495 899 555 id
911 496 1061 572 scriptum
1072 500 1171 559 luisse
1280 507 1283 568 i

131 582 162 642 in
178 584 248 658 lege
263 583 316 642 aut
330 587 516 644 testamento
534 587 588 641 aut
602 579 804 654 stipulatione
821 588 874 639 aut
889 579 1029 654 quolibet
1042 583 1168 657 scripto,
1282 583 1283 608 ³

133 667 217 740 quod
232 666 274 725 ad
287 680 355 724 eam
366 680 432 726 rem
443 662 738 739 pertinebitdeinde
753 663 926 734 collatione,
936 665 1011 738 quid
1021 666 1171 741 scriptum
1282 683 1283 688 ¹

132 749 180 821 sit,
194 747 269 823 quid
280 748 451 808 adversarii
466 763 502 810 se
513 746 627 810 iecisse
638 745 753 818 dicant,
765 747 839 820 quid
849 747 982 807 indicem
994 749 1084 823 sequi
1097 766 1170 808 con·
1282 771 1283 808 t

131 832 249 904 veniat,
277 839 381 894 utrum
399 831 447 903 id,
475 832 561 904 quod
580 829 743 904 diligenter
764 829 972 905 perscriptum
990 831 1046 901 sit,
1069 847 1109 889 an
1128 832 1170 903 id,

133 917 220 990 quod
234 923 328 976 acute.
339 914 379 976 sit
391 913 607 990 excogitatum,
621 912 735 974 deinde
744 929 783 973 ea
798 913 959 985 sententia,
973 930 1054 988 quae
1066 913 1105 973 ab
1117 916 1171 974 ad-

131 999 278 1061 versariis
292 998 333 1061 sit
346 998 524 1073 excogitate
538 1008 569 1060 et
584 996 701 1073 sculpto
722 996 883 1068 attributa,
905 1003 1121 1057 contemnetur
1140 1004 1172 1057 et
1187 1023 1192 1030 ¹

131 1081 343 1143 infirmabitur.
367 1082 485 1146 Deinde
497 1088 672 1157 quaeretur,
687 1080 761 1156 quid
771 1080 801 1139 ei
812 1081 955 1153 abluerit,
967 1081 996 1141 si
1008 1081 1041 1141 id
1057 1081 1171 1141 voluis-

132 1172 182 1226 set
197 1164 385 1237 adscribere,
397 1173 451 1226 aut
465 1183 538 1226 num
553 1182 615 1226 uon
627 1164 764 1241 potuerit
774 1164 937 1239 perscribi.
956 1164 1074 1225 Deinde
1086 1180 1105 1223 a
1115 1180 1172 1224 no-

133 1248 182 1308 bis
195 1248 348 1309 sententia
359 1250 532 1324 reperietur
545 1255 576 1309 et
589 1263 686 1309 eausa
698 1250 881 1324 proferetur,
891 1264 987 1323 quare
999 1248 1173 1322 idseriptor

133 1333 283 1403 senserit,
301 1333 385 1406 quod
401 1332 576 1407 scripseris
598 1339 629 1392 et
650 1332 912 1393 demonstrabitur
932 1332 1081 1406 seriptum
1097 1332 1172 1390 illud

134 1430 206 1474 esse
216 1415 357 1486 dilucide,
366 1415 510 1486 breviter,
519 1417 691 1487 commode,
699 1418 849 1491 perfecte,
863 1432 933 1476 curn
945 1416 1064 1475 ratione
1076 1421 1170 1473 certa.

134 1498 253 1558 Deinde
265 1502 407 1573 exempla
421 1501 628 1573 proferentur,
648 1515 804 1574 quaeres,
822 1516 917 1574 quum
929 1499 968 1558 ab
985 1497 1172 1558 adversariis

134 1581 288 1642 sententia
303 1589 334 1642 et
349 1585 495 1648 voluntas
510 1584 694 1654 adferretur,
710 1584 750 1643 ab
766 1583 882 1658 scripto
900 1582 1003 1657 potius
1019 1580 1174 1640 iudicatae

29 1671 34 1678 ’
134 1665 207 1725 sint.
237 1665 356 1728 Deinde
376 1669 573 1739 ostendetur,
597 1684 690 1743 quam
709 1667 920 1742 periculosum
939 1664 982 1727 sit
1001 1665 1040 1723 cb
1055 1663 1172 1738 scripto

133 1750 292 1810 recedere.
318 1752 420 1814 Locus
436 1752 608 1813 communis
624 1758 673 1811 est
683 1758 792 1811 contre
806 1766 885 1821 eum,
898 1749 960 1824 qui,
974 1764 1069 1824 quum
1080 1750 1174 1840 latea-

133 1840 184 1891 tur
199 1849 234 1892 se
249 1841 358 1892 contra
374 1835 458 1909 quod
474 1836 594 1907 tegibus
614 1841 756 1892 sanctum
774 1840 828 1891 aut
840 1838 1027 1892 testamento
1042 1847 1176 1904 persert-

135 1921 220 1987 ptum
232 1914 281 1984 sit,
293 1914 416 1986 iecisse,
429 1924 531 1976 temen
543 1913 616 1976 laeti
629 1921 758 1987 qrraerat
769 1915 994 1983 defensionem.
1009 1913 1046 1973 X.
1061 1920 1112 1979 14.
1125 1919 1175 1977 Ab

135 1997 289 2056 sententia
304 1997 349 2056 sic
372 1999 523 2057 dicemus:
549 1995 684 2056 Primum
699 1995 893 2056 laudabimus
914 1995 1076 2071 scripturis
1092 1995 1226 2059 eom-s

134 2078 316 2141 moditatem
331 2086 425 2155 atque
439 2079 637 2153 breuitatem,
661 2080 748 2155 quod
761 2086 880 2140 tratum
895 2078 1071 2154 scripserit,
1089 2086 1176 2157 quod

135 2178 268 2223 necesse
279 2163 385 2237 luerit3
401 2164 484 2235 illud,
500 2164 585 2238 quod
598 2163 668 2225 siue
682 2164 798 2239 scripto
811 2163 940 2240 intelligi
953 2165 1098 2240 potuerit,
1111 2183 1174 2228 uon

136 2246 314 2307 necessario
330 2247 528 2309 scribendum
544 2248 669 2325 putarit.
695 2248 815 2310 Deinde
825 2248 963 2315 dicemus
976 2250 1174 2330 calumniato-

135 2332 177 2390 ris
190 2347 263 2391 esse
275 2330 413 2394 officium
422 2332 521 2394 uerba
530 2342 562 2393 et
572 2334 692 2395 litteras
699 2332 799 2409 sequi,
806 2334 1173 2409 negligerevoluutatem.

134 2414 253 2474 Deinde
264 2417 399 2490 id,quod
411 2415 561 2491 scripturn
572 2417 684 2490 sitaut
695 2434 758 2486 uon
768 2433 867 2494 posse
878 2417 946 2480 fieri
956 2427 1010 2479 aut
1020 2436 1083 2479 uon
1095 2422 1173 2493 lege,

135 2512 198 2556 non
214 2513 310 2568 more,
326 2516 389 2560 non
405 2507 523 2571 natura,
539 2518 602 2562 non
619 2510 772 2577 aequo-et
784 2502 869 2562 bono
887 2518 987 2578 posse
1002 2502 1077 2574 lieri,
1094 2520 1175 2577 quae
1282 2575 1283 2580 ἵ

137 2580 240 2640 omnia
254 2581 438 2658 scriptorem
449 2585 590 2647 noluisse
602 2603 696 2662 quarn
709 2585 884 2647 rectissime
895 2587 962 2647 lieri
972 2603 1063 2647 nemo
1075 2587 1173 2658 dicem
1282 2617 1283 2664 3

136 2670 168 2724 at
183 2678 230 2737 ea,
245 2682 328 2739 quae
342 2683 361 2727 a
375 2668 466 2729 nobis
482 2670 565 2730 lacta
577 2670 650 2751 sint,
667 2669 837 2732 iustissime
851 2672 954 2732 lacta
968 2671 1087 2732 Deinde
1101 2689 1174 2732 cun·
1282 2725 1283 2746 ,

135 2749 259 2810 tradam
275 2752 459 2814 sententiam
474 2761 526 2815 eut
541 2759 656 2817 nullam
672 2772 745 2817 esse
755 2762 809 2817 aut
821 2757 946 2817 stultam
961 2762 1015 2816 aut
1029 2754 1175 2816 iniustam
1281 2757 1283 2838 l

135 2839 189 2892 aut
200 2852 262 2893 non
272 2841 372 2909 posse
384 2838 452 2899 fieri
462 2846 517 2902 aut
528 2857 590 2900 non
599 2848 745 2903 constare
756 2839 1049 2917 cumsuperioribus
1061 2839 1174 2900 etinle-
1282 2849 1283 2922 j

20 2945 23 2950 ,
134 2914 268 2976 rioribus
277 2921 437 2983 sententiis
448 2929 502 2983 eut
514 2940 583 2986 curn
591 2925 658 2986 iure
669 2924 962 2989 communiantcum
973 2924 1040 2985 aliis
1052 2924 1174 2999 legibus
1282 2929 1283 3000 ζ

136 3001 350 3061 communibus
364 3013 419 3066 aut
434 3022 503 3066 cum
518 3010 614 3070 rebus
626 3009 770 3071 iudicatis
786 3011 962 3072 dissentire.
989 3007 1108 3069 Deinde
1122 3025 1174 3070 ex-

135 3083 307 3173 emplorum
319 3092 506 3150 avoluntete
518 3098 550 3153 et
560 3094 826 3169 contrascriptum
839 3094 1041 3155 iudicatorum
1050 3110 1175 3155 enume-

135 3165 256 3255 ratione
267 3171 424 3244 [utemur];
440 3174 553 3235 deinde
568 3179 670 3252 legum
683 3185 714 3238 et
725 3178 960 3254 stipulationum
974 3178 1112 3248 breviter
1122 3195 1175 3239 ex-

135 3251 335 3340 serrptarum,
357 3253 387 3313 in
411 3256 524 3329 quibus
545 3260 755 3338 intelligantur
776 3261 964 3338 scriptorum
986 3265 1174 3336 voluntates

134 3335 340 3423 exposrtrone.
360 3338 461 3398 Locus
475 3345 647 3405 communis
659 3355 768 3407 eontra
778 3363 857 3419 eum,
870 3348 924 3422 qui
935 3348 1085 3424 scriptum
1096 3348 1174 3408 reci-

134 3410 179 3466 tet
190 3416 221 3466 et
231 3418 392 3486 scriptoris
404 3425 595 3514 voluntatem
607 3446 670 3489 non
682 3430 909 3506 interpretetur.
928 3432 1174 3509 15.Quumduue
