2575 3892
329 239 335 246 ’
376 245 491 304 niune
502 246 525 303 1.
548 245 630 303 cun.
643 252 763 307 1⁶-1n
782 251 808 311 s.
820 252 942 307 tc-nr.
1141 242 1180 304 rs
1271 209 1273 263 ³

142 396 231 458 luerit
255 397 322 467 sine
340 394 453 456 iudicio
472 394 570 454 atilio
590 393 860 469 Clytaemnestram
879 394 989 455 occidi.
1022 394 1103 469 Ergo
1121 393 1179 453 hac

140 480 259 540 ratione
277 478 497 540 iudicationem
513 476 649 550 reperire
667 476 818 538 convenit.
846 479 980 551 Reperta
992 476 1179 537 iudicatione

140 579 265 623 omnem
274 561 426 622 rationem
437 558 531 620 totius
544 557 692 619 orationis
705 576 743 620 eo
755 560 1061 642 conlcneoportebit.
1083 560 1177 619 XVll.

139 644 192 706 27.
211 647 245 705 In
264 642 406 706 omnibus
428 640 696 706 constitutionibus
719 651 749 702 ct
769 641 907 717 partibus
930 642 1179 704 constitutionum

140 729 200 788 hac
212 726 263 787 via
272 725 476 787 iudicationes
487 725 693 800 reperientur,
711 733 927 800 praeterquam
938 724 968 782 in
981 724 1179 786 coniecturali

137 812 372 872 constitutione:
395 810 425 869 in
441 824 479 868 ea
491 825 549 868 nec
563 811 641 870 ratio
664 828 726 886 qua
744 828 779 871 re
800 812 909 871 lecerit
924 810 1098 886 quaeritur:
1127 815 1169 874 le·

136 895 220 956 cisse
235 895 316 955 enim
332 900 477 970 negatur:
499 908 558 952 nec
572 894 799 955 firmamentum
816 892 1003 970 exquiritur,
1027 896 1173 971 quoniam

98 997 101 998 ⁷
135 995 198 1039 non
211 980 319 1040 subest
329 978 417 1041 ratio.
450 978 550 1052 Quare
561 994 602 1039 ex
612 978 780 1040 intentione
793 989 823 1040 et
834 979 1015 1040 infitiatione
1029 979 1172 1039 iudicatio

134 1062 345 1136 constituitur,
364 1062 539 1123 hocmodo.
567 1062 712 1123 Intentio:
735 1060 881 1123 Occidisti
892 1062 1029 1122 Aiacem.
1060 1061 1173 1121 Infitia-

136 1144 194 1206 tio=
217 1144 285 1205 Non
297 1145 407 1206 occidi.
429 1145 594 1206 ludicuti0:
620 1144 820 1207 Occideritne
847 1145 937 1206 Ratio
950 1144 1173 1209 omnisutrius-

135 1245 196 1304 que
209 1227 374 1303 orationis,
392 1237 508 1290 utente
520 1227 634 1289 dictum
647 1237 709 1304 est,
728 1231 768 1289 od
779 1231 858 1291 hanc
870 1228 1087 1291 iudicationem
1099 1245 1173 1289 con,

134 1313 262 1373 ferenda
279 1320 336 1374 cst.
371 1312 404 1376 Si
414 1315 520 1389 plures
532 1322 620 1375 erunt
631 1314 868 1376 constitutiones
879 1321 931 1374 aut
940 1322 1045 1388 partes
1059 1313 1172 1374 consti·

133 1395 293 1470 tutionum,
311 1396 515 1459 iudicationes
529 1415 655 1474 quoque
665 1400 771 1473 plures
783 1407 871 1460 erunt
882 1398 913 1459 in
925 1415 987 1459 una
999 1413 1103 1471 causa,
1115 1397 1172 1457 sed

133 1495 189 1539 cae
201 1496 310 1543 omnes
322 1480 413 1541 simili
423 1482 542 1541 ratione
552 1480 753 1556 reperientur.

210 1563 326 1629 Sedulo
339 1563 480 1625 dedimus
494 1581 635 1639 operam,
653 1573 687 1624 ut
697 1565 831 1626 breviter
843 1572 874 1625 et
884 1565 1035 1637 dilucide,
1060 1562 1172 1638 quibus
1282 1627 1283 1632 γ

134 1646 174 1705 de
191 1648 286 1707 rebus
305 1644 406 1705 adhuc
424 1646 588 1706 dicendum
605 1647 676 1718 luit,
703 1648 885 1708 diceremus.
922 1649 1009 1708 Nunc
1028 1644 1173 1724 quoniam

136 1727 212 1787 satis
230 1728 323 1787 huius
340 1727 507 1787 voluminis
524 1729 702 1801 magnitudo
725 1730 835 1800 crevit,
858 1729 1049 1790 commodius
1072 1739 1121 1787 cst
1142 1729 1172 1786 in

134 1809 233 1870 altero
245 1808 323 1868 libro
336 1809 375 1868 de
387 1808 517 1870 caeteris
528 1810 622 1868 rebus
634 1809 782 1883 deinceps
794 1827 960 1884 exponere,
978 1826 1018 1871 ne
1030 1826 1092 1885 qua
1102 1826 1172 1883 pro-

135 1900 205 1968 pter
221 1890 444 1953 multitudinem
460 1890 627 1954 litterarum
643 1892 745 1965 possit
758 1892 891 1953 animum
902 1901 986 1955 tuum
998 1891 1173 1968 defetigatio

133 1977 301 2035 retardare.
337 1975 370 2037 Si
385 1989 446 2050 quo
464 1972 583 2033 tardius
596 1972 688 2047 haec,
711 1991 803 2048 quam
818 1977 941 2049 studes,
964 1977 1173 2047 absolventur,

135 2076 230 2133 quum
246 2075 349 2120 rerum
366 2056 567 2134 magnitudini
578 2067 641 2120 tum
652 2057 767 2121 nostris
780 2076 906 2136 quoque
918 2058 1172 2135 occupationibus

133 2141 299 2218 adsignare
318 2142 456 2204 debebis.
489 2143 709 2204 Verumtamen
722 2144 939 2207 maturabimus
952 2152 997 2219 et,
1022 2144 1106 2220 quod
1119 2159 1172 2202 ne-

136 2225 222 2301 gotio
242 2225 421 2287 diminutum
432 2226 532 2302 luerit,
544 2227 786 2302 exaequabimus
799 2227 956 2302 industria,
969 2236 1003 2289 ut
1010 2245 1067 2303 pro
1076 2236 1128 2288 tuo
1140 2226 1171 2285 in

133 2323 193 2367 nos
213 2307 315 2372 ollicio
334 2319 364 2371 et
381 2318 486 2371 nostro
498 2310 529 2369 in
541 2318 571 2371 te
583 2311 688 2372 studio
699 2327 810 2371 munus
819 2311 879 2372 hoc
891 2309 1174 2373 accumulatissime

135 2397 204 2453 tuae
216 2394 378 2468 largiamur
391 2393 546 2455 voluntati.
