2575 3892
357 203 473 263 LIBER
492 203 543 262 lV.
565 204 650 261 CAP.
671 213 792 268 37—39·
815 212 841 273 S·
865 211 987 267 49251.
1149 199 1190 261 87

41 363 45 400 ³
151 371 266 432 nemini
280 369 408 432 stultitia
424 376 538 438 vestra,
555 366 606 441 qni
621 367 661 438 id,
675 369 760 443 quod
776 375 841 428 erat
855 369 886 435 in
900 374 1006 433 vestra
1023 375 1190 444 potestate,

41 516 49 533 ,
150 456 191 514 ab
207 455 275 514 aliis
290 461 413 529 petere,
437 468 529 526 quam
544 451 603 526 ipsi
619 467 743 511 sumere
759 452 919 512 maluistis,
954 452 1139 513 Posterioris
1157 451 1191 510 li·

151 537 274 598 centiae
288 537 348 597 hoc
363 535 422 596 erit
437 537 625 610 exemplum:
644 533 717 594 Mihi
733 550 802 594 cum
817 535 888 605 isto,
904 534 1030 608 iudieeS,
1046 536 1102 595 luit
1117 535 1191 595 anri·

152 621 234 690 citia,
247 620 303 679 sed
315 619 375 680 ista
389 636 438 679 me
449 618 590 694 amicitia,
602 617 726 678 tametsi
738 633 852 678 vereor
863 618 1020 693 quomodo
1033 617 1191 692 accepturi

152 704 237 773 sitis,
252 710 354 763 tamen
369 703 486 773 dicam,
501 719 561 763 vos
576 703 733 776 privastis.
767 702 846 776 Quid
861 700 923 760 ital
949 699 1036 774 quia,
1051 707 1085 759 ut
1099 701 1190 761 vobis

150 797 256 843 essem
270 781 428 855 probatus,
444 796 530 853 eum,
545 779 599 854 qui
611 797 672 841 vos
686 781 901 856 oppugnabat,
916 776 1071 841 inimicum
1103 798 1193 856 quarn

150 864 283 925 amicum
299 863 413 923 habere
427 860 528 924 malui.
550 862 602 925 50.
616 863 698 938 Ergo
714 864 791 926 lraec
805 863 976 936 exornatio,
992 862 1042 924 cui
1053 862 1194 925 licentiae

150 965 264 1009 nomen
279 955 342 1020 est,
365 946 455 1009 sicuti
468 947 765 1021 demonstravimus,
790 947 906 1023 duplici
920 947 1038 1008 ratione
1053 947 1194 1008 tractabi-

150 1041 217 1093 tur:
244 1030 427 1103 acrimonia,
452 1029 581 1106 quaesi
604 1030 730 1093 niarium
750 1031 841 1092 luerit
855 1047 984 1105 aspera,
1009 1029 1195 1106 mitigabitur

150 1116 254 1188 laude,
271 1122 301 1174 et
311 1113 557 1187 adsimulatione,
573 1114 613 1174 de
629 1131 691 1190 qua
704 1113 861 1191 posterius
877 1113 1020 1187 diximus,
1038 1128 1118 1189 quae
1133 1130 1195 1174 non

149 1197 268 1273 indiget
282 1196 489 1294 mitigationis,
505 1205 671 1273 propterea
686 1198 771 1273 quod
785 1197 918 1260 imitatur
931 1196 1084 1260 licentiam
1099 1204 1129 1257 ιι
1139 1213 1196 1257 sua

151 1289 319 1357 sponteest
334 1281 373 1341 ad
392 1280 525 1342 animum
540 1282 938 1347 auditorisaccommodata

233 1363 675 1459 xxxv111.„12erninuuoesr,
695 1382 790 1441 quum
805 1364 945 1441 aliquid
937 1382 1043 1427 messe
1057 1362 1089 1424 in
1103 1362 1195 1426 nobis

122 1464 135 1475 ⁹
153 1458 206 1509 aut
226 1450 257 1507 in
272 1448 326 1521 iis,
355 1465 417 1523 quo
452 1447 663 1521 defendimus,
691 1458 744 1510 aut
757 1458 866 1509 natura
880 1458 933 1509 aut
947 1450 1069 1509 fortuna
1083 1455 1136 1508 aut
1150 1447 1195 1506 in-

154 1531 273 1592 dustria
293 1452 619 1683 ιιιιιιιιιιζιςιιιιιιιι,
645 1532 746 1605 quod,
771 1549 811 1591 ne
825 1548 887 1606 qua
902 1530 1055 1626 significet
1055 1548 1092 1590 ur
1043 1530 1195 1592 t-adro

154 1630 232 1688 gans
246 1592 427 1686 ostentatio)
456 1611 582 1672 eminuit
582 1630 619 1673 ur
630 1621 662 1673 ιι
671 1618 842 1675 attenuatur
853 1622 920 1674 orat
921 1613 1000 1688 ione,
1015 1614 1076 1674 hoe
1086 1614 1195 1674 modo

153 1699 231 1757 Nam
245 1697 304 1756 hoo
320 1712 376 1770 pro
391 1659 557 1769 mebiure,
571 1684 725 1769 iudices,
735 1696 813 1775 dico,
817 1710 868 1756 me
883 1698 988 1758 labore
1003 1704 1033 1757 et
1047 1696 1175 1757 indust
1141 1704 1197 1757 trra

155 1796 332 1852 curasse,u
312 1778 556 1854 utdisciplinam
569 1778 829 1851 ιιιιιιιιιιιιιιιιιι
821 1796 854 1839 ιιι
857 1779 1036 1875 postremis
1051 1787 1196 1851 tenerent,

153 1864 211 1925 Hic
227 1863 254 1924 si
270 1862 340 1939 quis
356 1860 503 1923 dixissem
529 1863 568 1924 Ut
583 1862 723 1938 optimet
724 1879 857 1936 onerem,
857 1857 971 1922 lamet
960 1858 1006 1922 tsi
1016 1878 1087 1922 vere
1103 1860 1195 1923 dixis

155 1958 212 2021 set,
228 1957 331 2008 tamen
347 1947 503 2022 adrogans
520 1946 608 2007 visus
623 1954 717 2008 esset.
738 1948 824 2009 Nunc
840 1957 870 2007 et
886 1947 926 2006 ad
941 1944 1087 2007 invidiam
1101 1946 1196 2007 vitan

155 2033 226 2093 dam
233 2040 264 2092 et
271 2033 310 2091 ad
322 2032 445 2091 laudem
453 2031 692 2106 comparandam
700 2031 775 2095 satis
783 2029 897 2093 drotum
905 2039 962 2092 est.
984 2031 1075 2092 Item:
1090 2030 1196 2091 Utrum

154 2115 247 2190 igitur
266 2114 412 2175 avaritiae
432 2131 529 2175 causa
549 2131 589 2175 an
610 2115 757 2190 egestatis
777 2113 912 2176 accessit
935 2114 975 2176 ad
989 2113 1196 2176 maleficiuml

156 2197 334 2259 Avaritiae?
353 2199 395 2258 Αι
408 2197 602 2274 largissimus
618 2198 675 2260 luit
689 2199 720 2259 in
735 2199 869 2271 amicos;
885 2199 970 2274 quod
987 2197 1109 2274 signum
1123 2198 1197 2257 libe·
1266 2216 1267 2223 ¹

155 2282 284 2345 ralitatis
299 2289 355 2354 est,
373 2296 453 2356 quae
469 2281 622 2343 contraria
635 2291 684 2343 est
697 2282 854 2344 avaritiae.
881 2281 1058 2358 Egestatist
1071 2284 1112 2342 At
1126 2279 1198 2341 huic
1265 2270 1266 2293 ¹

156 2364 281 2442 quidem
300 2374 390 2440 pater
410 2399 451 2409 —
474 2366 547 2428 nolo
568 2365 694 2429 nimium
714 2366 818 2428 dicere
841 2400 877 2410 -
900 2381 963 2427 non
985 2364 1199 2426 tenuissimum
1263 2376 1264 2381 ’

155 2449 373 2526 patrimonium
387 2449 522 2525 reliquit.
557 2449 615 2511 Hic
631 2452 757 2528 quoque
770 2449 898 2513 vitatum
912 2444 984 2524 est,
1001 2444 1042 2509 ne
1055 2463 1198 2523 magnum

155 2542 207 2594 aut
218 2533 384 2595 maximum
395 2533 558 2596 diceretur.
577 2535 644 2596 Hoc
655 2532 747 2610 igitur
757 2534 788 2597 in
798 2532 913 2597 nostris
925 2543 977 2595 aut
989 2549 1104 2606 eorum,
1118 2547 1198 2606 quos

156 2618 376 2691 delendemus,
403 2617 537 2692 egregiis
554 2618 725 2681 commodis
740 2617 936 2695 proferendis
952 2616 1198 2680 observabimus.

156 2700 233 2759 Nam
255 2699 408 2760 eiusmodi
428 2716 480 2760 res
502 2709 533 2760 et
552 2701 701 2765 invidiam
722 2703 906 2764 contrahunt
924 2699 1080 2761 invitaet
1095 2699 1200 2760 odium

157 2781 188 2840 in
203 2781 352 2855 oratione,
367 2782 395 2841 si
409 2782 638 2845 inconsiderate
654 2793 777 2846 tractes.
813 2785 924 2856 Quare,
940 2782 1200 2858 quemadmodum

157 2862 322 2924 rationein
337 2864 473 2926 vivendo
488 2864 603 2937 fugitur
615 2866 741 2938 invidia,
757 2867 803 2925 sio
818 2866 849 2924 in
865 2865 999 2926 dicendo
1010 2862 1140 2925 consilio
1155 2864 1199 2925 vi-

157 2954 238 3008 tatur
253 2946 367 3009 odium

234 3030 369 3091 XXXIX
389 3028 439 3092 51.
455 3027 648 3126 ΒιιιιιιιιἪο
659 3030 846 3105 nominatur,
874 3048 953 3108 quae
973 3048 1075 3094 rerum
1089 3047 1200 3093 conse

158 3123 254 3190 quent
254 3114 316 3175 ium
338 3104 492 3175 continet
494 3102 693 3190 perspicuam
713 3125 743 3177 et
763 3114 929 3177 dilucidam
955 3132 1026 3179 cum
1050 3114 1149 3212 gravit
1138 3122 1201 3175 tale

157 3197 395 3273 expositionem,
410 3199 471 3261 hoc
485 3198 596 3259 modo
612 3198 752 3274 Quodsi
743 3216 771 3260 rs
772 3207 845 3275 tum,
859 3198 989 3276 iudices,
1004 3199 1117 3261 vestris
1129 3213 1200 3257 sen—

157 3285 261 3345 tentiis
275 3283 488 3356 liberaveritis,
511 3281 614 3344 statim
625 3282 707 3343 sicut
721 3298 849 3343 ceavea
859 3285 909 3345 leo
925 3285 1058 3346 emissus
1074 3291 1129 3344 aut
1141 3280 1194 3338 ali

134 3365 150 3447 ξι
160 3386 221 3441 qua
234 3367 410 3429 taeterrima
422 3369 515 3428 belua
526 3371 629 3428 soluta
643 3384 683 3426 ex
698 3366 826 3439 catenis,
838 3365 979 3430 volitabit
989 3376 1020 3426 et
1032 3362 1195 3436 vagabitur

134 3456 138 3477 ¹
160 3449 190 3509 in
206 3453 284 3528 loro,
297 3467 414 3514 acuens
429 3453 538 3513 dentes
553 3451 689 3513 inanius
702 3450 854 3526 cuiusque
869 3453 1019 3516 fortunas,
1042 3448 1071 3501 in
1084 3451 1193 3498 omues
1228 3504 1232 3513 Ι
