2575 3892
376 200 493 261 erana
507 201 557 259 1n.
577 201 660 260 oar.
676 183 760 262 i-a.
781 206 807 268 t.
823 208 908 262 1—4.
1136 201 1178 265 aa

140 354 255 414 liberet
267 358 401 423 senatus,
417 347 558 424 captivos
570 349 608 407 ab
619 346 762 408 hostibus
773 347 910 422 redimat,
924 366 962 409 an
974 366 1051 421 non;
1066 349 1179 425 partim

141 433 415 512 propteraliquam
425 427 602 491 extraneam
613 446 739 490 causam
748 429 874 491 veniunt
884 431 915 490 in
927 430 1177 495 deliberationem

140 528 176 579 et
192 516 458 587 consultationem,
473 520 506 575 ut
520 512 547 574 si
562 511 711 574 deliberet
725 521 851 573 senatus
862 514 943 575 bello
956 514 1100 590 Poenico,
1116 518 1177 578 sol-

140 609 240 661 vatne
252 597 372 673 legibus
381 591 566 672 Scipionem,
579 602 693 657 uteum
703 595 794 657 liceat
804 603 874 656 ante
886 603 1006 673 tempus
1019 600 1179 659 consulem

142 681 231 752 fieri;
242 678 352 757 partim
367 688 396 742 et
409 687 536 755 propter
546 695 582 740 sc
593 687 665 741 sunt
675 677 892 739 deliberandae
904 688 934 739 et
944 678 1041 753 magis
1053 688 1179 755 propter

143 772 325 826 extraneam
340 779 465 824 cansam
478 762 605 824 venirmt
618 762 650 824 in
665 762 930 834 consultationem,
944 771 978 823 ut
992 761 1020 821 si
1031 762 1180 823 deliberet

143 855 275 908 senatus
289 846 369 908 bello
385 845 506 918 Italico,
521 844 616 908 sociis
631 844 785 906 civitatem
800 847 851 906 det
865 862 904 905 an
919 861 991 906 nnn.
1019 846 1055 904 ln
1068 843 1178 920 quibus

40 954 42 958 r
142 930 251 991 causis
261 928 309 990 rei
320 937 428 990 natura
440 928 531 989 iaciat
541 919 801 1000 deliberationem,
810 927 909 990 omnis
918 926 1015 991 oratio
1028 928 1069 988 ad
1079 928 1180 1003 ipsam

141 1027 211 1071 rem
222 1011 512 1073 accommodabitur.
523 1013 558 1071 In
570 1009 683 1086 quibus
691 1018 839 1071 extranea
850 1009 1178 1073 oausaoonficietdeli-

141 1089 1183 1167 berationeminbisexeaipsacausaeruntadangendaeautdepri-

141 1177 276 1236 mendae
291 1175 544 1238 omnesrationes
557 1190 675 1247 eorum,
690 1172 746 1247 qui.
755 1174 939 1234 sententiam
952 1176 1065 1235 dicem.
1082 1173 1111 1234 3.
1126 1173 1184 1247 Qui

140 1258 330 1320 sententiam
340 1259 430 1331 dicet,
443 1258 536 1328 finem
550 1256 609 1318 sibi
622 1256 788 1317 conveniet
798 1257 936 1319 utilitatis
947 1273 1137 1333 proponere,
1149 1264 1183 1315 ut

142 1342 244 1403 omnis
260 1341 471 1403 eodemtotius
485 1339 633 1406 orationis
641 1340 719 1402 ratio
728 1343 916 1402 conferatur.
929 1340 1050 1417 Utilitas
1061 1342 1092 1400 in
1101 1341 1181 1399 duas

142 1433 250 1499 partes
266 1426 297 1485 in
311 1424 905 1497 civiliconsultationedividitur,tutam,
915 1426 1088 1485 honestam.
1104 1425 1183 1482 Tuta

145 1506 1182 1582 est,quaeoonfioitinstantisautconsequentispericulivitationem

145 1589 285 1663 qualibet
296 1590 427 1650 ratione.
441 1591 526 1650 Haec
538 1589 682 1649 tribuitur
692 1590 724 1649 in
730 1590 793 1650 vim
800 1598 831 1651 et
837 1591 951 1661 dolum,
961 1606 1093 1665 quorum
1107 1591 1183 1648 alte·

145 1671 451 1745 rumseparatirnaut
460 1679 790 1745 utrumquesumemus
798 1673 970 1733 coniuncte.
978 1672 1035 1731 Vis
1044 1671 1183 1732 decerni-

145 1763 198 1815 tur
204 1771 262 1829 per
271 1752 1185 1825 exercitae,classee,arma,tormenta‚evocationeshominum

146 1834 1181 1913 etaliashuiusmodires.Dolusconsumiturinpeounia‚pollicitati-

146 1935 216 1996 one,
230 1920 484 1991 dissimulatione,
497 1920 710 1991 maturatione,
718 1920 874 1981 mentione
889 1928 920 1981 et
934 1920 1066 1981 cacteris
1078 1919 1182 1991 rebus,

145 2005 185 2063 de
199 2003 311 2077 quibus
324 2003 421 2077 magis
440 2002 554 2064 idoneo
568 2010 710 2079 tempore
723 2007 896 2079 loquemur,
916 2004 943 2064 si
957 2005 1081 2079 quando
1095 2004 1134 2063 de
1148 2018 1182 2063 re

145 2086 265 2147 militari
278 2094 332 2145 aut
344 2086 384 2146 de
391 2086 657 2148 administratione
669 2087 714 2149 rei
727 2088 870 2163 publicae
882 2087 1020 2149 scribere
1030 2090 1180 2150 volemus.

145 2167 283 2256 Honesta
302 2185 354 2230 res
375 2169 519 2233 dividitur
540 2171 571 2233 in
591 2180 707 2233 rectum
727 2181 758 2233 et
772 2173 934 2250 laudabile.
975 2174 1105 2235 Rectum
1120 2182 1183 2253 est,

148 2252 322 2325 duod‘brim
343 2252 452 2313 vinula
473 2262 503 2313 et
523 2249 626 2315 officio
642 2249 689 2315 iitJ
723 2255 758 2315 Id
773 2253 916 2319 dividitur
929 2249 1177 2333 inprudentiam,
1212 2261 1216 2266 ’

146 2332 305 2404 iustitiam,
326 2335 541 2411 tortitudinem,
556 2337 748 2399 modestiam.
775 2337 942 2416 Qdflssiist
956 2349 1004 2400 est
1018 2338 1177 2414 calliditas,

148 2433 226 2491 quae
247 2416 366 2480 ratione
389 2420 522 2494 quadam
542 2428 646 2495 potest
674 2418 953 2483 dilectrim'babere
974 2423 1126 2484 bonorum
1147 2431 1178 2483 et

147 2500 302 2560 malorum.
331 2501 448 2564 Dicitur
463 2503 536 2564 item
549 2503 713 2579 prudentia
727 2504 856 2565 scientie
870 2506 1032 2567 cuiusdam
1046 2504 1185 2567 artificii„
1234 2507 1238 2514 '

146 2582 181 2641 Et
201 2586 373 2659 appellatur
393 2586 556 2661 prudentia
576 2604 678 2648 rerum
698 2590 858 2650 multarum
880 2590 1028 2652 memoria
1048 2597 1079 2650 et
1099 2607 1176 2651 usus

146 2665 346 2738 complurium
361 2670 564 2743 negotiorum.
588 2671 706 2731 lustitia
716 2679 764 2731 est
778 2671 917 2747 aequitas
931 2673 980 2734 ins
995 2673 1049 2734 uni
1063 2672 1176 2749 cuique

147 2745 281 2805 tribuens
295 2765 353 2821 pro
368 2749 513 2823 dignitate
528 2752 688 2827 cuiusque.
707 2753 864 2816 Fortitudo
878 2764 926 2815 est
939 2773 1041 2815 rerum
1051 2772 1175 2829 magna-

146 2843 211 2885 rum
226 2828 372 2901 appetitio
388 2839 419 2890 et
438 2848 539 2892 rerum
553 2833 711 2894 humilium
731 2837 916 2910 contemptio
932 2846 963 2897 et
976 2836 1090 2899 laboris
1106 2853 1176 2897 cum

146 2909 281 2970 utilitatis
295 2911 414 2972 ratione
429 2914 601 2988 perpessio.
621 2916 776 2978 Modestia
789 2926 837 2977 est
850 2919 883 2977 in
897 2919 998 2979 animo
1014 2918 1174 2981 continens

146 2993 312 3055 moderatio
335 2995 543 3071 cupiditatum.
578 2998 629 3062 111.
657 2996 687 3061 l.
707 2998 1040 3082 Beudentiaepartibus
1055 3012 1196 3080 utemurt

146 3077 175 3135 in
189 3076 332 3152 dicendo,
348 3080 374 3140 si
387 3082 548 3142 commoda
562 3097 631 3145 cum
643 3072 845 3146 incommodis
853 3077 1063 3163 ‘conteremus
1080 3107 1175 3165 quum
1201 3077 1204 3097 ⁵

147 3163 271 3222 alterum
285 3163 391 3240 sequi,
413 3164 509 3226 vitare
523 3168 654 3229 alterum
668 3169 878 3245 cohortemur,
899 3181 951 3232 ant
967 3172 1003 3245 si,
1018 3190 1081 3249 qua
1094 3174 1125 3233 in
1139 3189 1174 3231 re

13 3305 14 3310 ,
146 3243 501 3338 cohortabimuraliquid,
514 3250 1173 3331 cuiusreialiquamdisriplinamautscien·

61 3341 62 3346 *
147 3334 214 3422 tram
229 3328 397 3401 poterimus
418 3333 547 3410 habere,
569 3354 630 3411 quo
652 3338 745 3399 modo
760 3345 812 3399 aut
827 3356 889 3414 qua
903 3341 1041 3414 quidque
1055 3339 1173 3397 ratione

148 3408 209 3469 lien
217 3420 366 3489 oporteat,
374 3416 583 3492 ostendemus,
595 3426 648 3481 aut
659 3419 687 3481 si
698 3420 897 3483 suadebimus
909 3414 1173 3497 quidpiamcuius
1273 3451 1274 3494 3
