2575 3892
122 173 185 239 176
499 169 550 228 DE
565 165 799 227 lNVENTIONE
1147 176 1190 233 74
1233 110 1243 159 Ἰ

122 326 190 392 lieri
210 324 311 385 solere
327 336 428 396 neque
443 327 589 396 oportere
603 334 707 394 neque
721 333 793 378 esse
806 315 970 390 rationem,
997 334 1097 395 quare
1113 319 1188 382 hoc

122 417 250 486 propter
263 406 323 465 hoc
338 405 399 475 liat,
426 412 459 465 ut
473 410 600 478 propter
614 404 745 462 salutem
758 400 886 462 militum
900 416 947 475 ea,
962 417 1044 477 quae
1059 405 1186 466 salutis

123 508 219 554 causa
233 498 411 564 comparata
425 496 504 559 sunt,
519 486 661 548 hostibus
675 485 842 546 tradantur.
862 483 976 545 Postea
986 500 1186 561 comparare

123 574 279 652 oportebit
299 589 369 633 cunr
389 570 540 632 beneficio
561 570 746 631 maleficium
765 577 796 631 et
810 568 934 629 omnino
949 567 998 643 id,
1021 571 1112 645 quod
1127 589 1183 631 ar·

122 660 235 737 guitur,
249 674 321 719 cum
336 673 384 729 eo,
407 656 492 731 quod
507 657 619 715 lactum
633 654 673 714 ab
689 653 854 717 defensore
869 651 1012 714 laudatur
1027 661 1082 715 aut
1098 655 1181 715 laci-

124 744 237 806 endum
259 740 356 802 tuisse
377 740 619 811 demonstratur,
646 737 834 798 contendere
848 744 879 797 et
893 736 953 795 hoc
968 740 1179 799 extenuando

123 825 267 889 maleficii
288 823 528 899 magnitudinem
548 822 639 882 simul
653 821 818 896 adaugere.
853 820 889 880 ld
903 818 971 881 lieri
985 822 1116 896 poterit,
1144 822 1180 882 si

124 907 384 974 demonstrabitur
398 906 568 977 honestius,
587 906 706 978 utilius,
727 903 827 979 magis
842 904 1056 965 necessarium
1071 905 1178 965 luisse

123 996 209 1067 illud,
225 992 311 1070 quod
326 990 426 1053 vitarit
434 1008 516 1062 reus,
534 1006 626 1065 quarn
637 989 722 1063 illud,
738 987 824 1064 quod
835 988 950 1048 iecerit.
973 984 1023 1050 76.
1038 988 1178 1049 Honesti

124 1086 227 1140 autem
248 1083 279 1137 et
299 1073 382 1137 utilis
403 1083 434 1137 et
453 1073 623 1136 necessarii
644 1073 692 1135 vis
712 1080 743 1133 et
763 1079 872 1133 natura
890 1071 923 1131 in
938 1071 1177 1133 deliberationis

124 1158 301 1238 praeceptis
322 1168 538 1234 cognoscetur.
571 1156 691 1218 Deinde
705 1155 860 1231 oportebit
872 1154 973 1231 ipsam
987 1155 1070 1217 illam
1085 1171 1176 1216 corn·
1251 1178 1252 1235 p

124 1244 295 1320 parativam
315 1241 534 1304 iudicationem
555 1256 714 1315 exponere
734 1248 891 1315 tamquam
912 1256 1035 1301 causam
1050 1239 1176 1300 delibe·
1251 1240 1252 1259 ¹

123 1328 253 1388 rativam
267 1333 298 1385 et
309 1326 348 1384 de
358 1338 394 1384 ea
402 1338 441 1382 ex
452 1319 681 1382 deliberationis
687 1319 864 1395 praeceptis
872 1320 1038 1394 [deinceps]
1046 1321 1172 1381 dicere.

125 1409 171 1471 Sit
185 1408 267 1469 enim
280 1408 358 1468 haec
373 1407 529 1483 iudicatio,
551 1424 643 1484 quam
656 1415 729 1470 ante
743 1408 962 1484 exposuimusz
986 1405 1084 1481 Quum
1097 1419 1174 1465 om-

124 1511 181 1556 nes
197 1491 324 1569 perituri
338 1492 450 1555 milites
465 1501 580 1566 essent
596 1492 657 1554 nisi
670 1491 802 1553 adhanc
813 1492 987 1569 pactionem
999 1488 1173 1562 venissent,
1252 1504 1253 1533 ι

124 1588 226 1641 utrum
248 1576 345 1639 satius
368 1577 458 1639 luerit
478 1578 580 1654 perire
594 1577 706 1638 milites
721 1593 761 1639 an
775 1577 817 1637 ad
831 1578 910 1639 hanc
925 1573 1102 1652 pactionem
1110 1590 1172 1634 ⁴ve·
1252 1570 1253 1579 ’

126 1663 214 1723 niret
233 1660 300 1721 Hoc
316 1677 357 1722 ex
371 1661 449 1722 locis
465 1661 705 1731 deliberationis,
721 1661 811 1736 quasi
826 1662 961 1737 aliquam
971 1659 1002 1719 in
1014 1659 1172 1720 consulta-

124 1747 240 1808 tionem
253 1761 306 1807 res
321 1743 433 1817 veniat,
448 1746 572 1810 tractari
586 1745 750 1821 oportebit.
770 1745 878 1805 XXVI.
894 1746 1047 1805 Italensor
1058 1750 1171 1815 autern,
1253 1816 1254 1821 ἵ

126 1829 239 1906 quibus
261 1830 293 1889 in
312 1829 391 1890 locis
413 1830 453 1889 ab
474 1839 656 1891 accusatore
678 1829 756 1890 aliae
771 1829 1006 1890 constitutiones
1022 1835 1114 1888 crunt
1127 1826 1172 1885 in·

126 1916 247 1986 ductae,
272 1911 356 1973 iniis
371 1912 441 1988 ipse
457 1930 583 1990 quoque
598 1929 638 1974 ex
652 1913 764 1979 iisdem
779 1912 1050 1975 constitutionibus
1065 1910 1172 1971 defen-

126 1997 246 2056 sionem
268 1996 472 2070 comparatio
498 2006 639 2059 caeteros
661 2005 764 2059 autem
787 2013 895 2058 omnes
920 1999 1026 2070 locos,
1053 1994 1104 2072 qui
1127 1993 1172 2053 ad

125 2080 227 2155 ipsam
252 2079 514 2155 comparationem
540 2082 751 2156 pertinebunt,
775 2098 816 2142 ex
839 2080 996 2142 contrario
1021 2077 1172 2140 tractabit.

127 2161 177 2226 77.
202 2161 277 2223 Loci
303 2179 482 2225 communes
505 2165 538 2225 hi
562 2175 659 2227 erunt.
699 2165 916 2237 Accusamus,
943 2165 975 2224 in
996 2180 1081 2234 eum,
1109 2162 1173 2236 qui,
1254 2180 1255 2209 t

127 2266 222 2325 quum
242 2248 282 2308 de
304 2249 385 2310 laeto
407 2249 488 2324 turpi
508 2250 612 2327 aliquo
633 2258 687 2310 aut
707 2248 804 2312 inutili
818 2257 871 2309 aut
884 2257 1017 2323 utroque
1032 2249 1172 2318 latentur,

128 2341 256 2409 quaerat
269 2341 370 2394 tamen
384 2333 519 2409 aliquam
534 2335 762 2408 defensionem,
775 2329 814 2395 ¹ct
827 2334 900 2395 lacti
914 2331 1106 2394 inutilitatem
1120 2338 1174 2390 ant

126 2417 348 2491 turpitudinem
363 2434 433 2477 cum
446 2417 656 2492 indignatione
667 2420 818 2492 prolerre.
840 2415 1018 2479 Defensoris
1030 2422 1086 2486 est,
1103 2415 1169 2472 nul·

126 2504 190 2561 lum
211 2503 324 2559 sactum
344 2499 450 2558 inutile
471 2515 573 2577 neque
593 2510 682 2576 turpe
704 2517 806 2576 neque
826 2501 898 2577 item
911 2501 983 2562 utile
997 2512 1098 2571 neque
1112 2496 1170 2554 bo-

127 2590 249 2642 nestum
263 2581 365 2656 putari
380 2590 533 2657 oportere,
556 2582 626 2658 nisi,
648 2601 710 2660 quo
726 2585 838 2657 animo,
862 2601 923 2661 quo
939 2592 1085 2657 tenpore,
1108 2596 1175 2655 qua

127 2666 168 2727 de
182 2681 280 2727 causa
294 2666 407 2727 lactmn
422 2665 470 2739 sit
486 2667 686 2743 intelligatnr;
704 2669 758 2745 qui
772 2671 860 2730 locus
876 2669 919 2731 ita
933 2663 1102 2729 communis
1114 2671 1173 2735 est,

129 2758 162 2813 ut
174 2751 255 2813 benc
269 2759 416 2812 tractatus
431 2750 461 2811 in
476 2752 534 2812 hac
549 2769 646 2814 causa
659 2770 771 2830 magno
786 2755 827 2813 ad
842 2750 1092 2829 persuadendum
1107 2763 1174 2806 mo-

128 2846 231 2897 mento
248 2838 367 2897 iuturus
384 2835 438 2906 sit3
460 2844 491 2896 et
503 2837 580 2897 alter
594 2837 699 2912 locus,
721 2854 777 2913 per
793 2854 885 2913 quern
899 2852 1013 2912 magna
1026 2849 1096 2894 cum
1109 2846 1174 2890 am·

128 2920 318 2996 plillcatione
331 2919 476 2981 beneficii
490 2920 668 2996 magnitudo
685 2938 726 2982 ex
739 2920 868 2984 utilitate
883 2929 937 2983 aut
948 2921 1111 2980 honestate
1122 2922 1175 2974 aut

129 3005 203 3065 lacti
223 3003 454 3067 necessitudine
474 3004 716 3076 demonstratum
748 3002 799 3068 78.
814 3005 982 3076 attentus,
1008 3014 1174 3078 perquem

129 3105 181 3151 res
196 3104 348 3164 expressa
362 3087 465 3148 verbis
480 3097 551 3150 ante
566 3091 675 3151 oculos
691 3106 806 3164 eorum,
823 3089 876 3166 qui
888 3087 1025 3160 audiunt,
1041 3084 1172 3160 ponium

129 3178 164 3230 ut
184 3170 244 3244 ipsi
265 3189 299 3231 se
320 3188 446 3248 quoque
466 3172 548 3233 idem
571 3174 707 3234 lecturos
730 3173 827 3236 tuisse
847 3173 1047 3242 arbitrentur,
1073 3167 1101 3228 si
1115 3163 1174 3226 sibi

130 3249 183 3307 illa
202 3267 252 3307 res
273 3262 366 3326 atque
381 3272 418 3314 ea
433 3255 566 3316 faciendi
581 3273 676 3318 causa
691 3272 749 3332 per
762 3257 845 3317 idem
859 3266 982 3332 tempus
997 3250 1173 3314 accidisset.

210 3328 329 3388 Relatio
347 3335 560 3412 administra,
582 3357 676 3413 quum
696 3356 769 3401 reus
790 3341 825 3401 id
844 3341 930 3416 quod
949 3335 1088 3413 arguitur
1103 3347 1174 3393 con·

130 3407 235 3467 lessus
257 3407 381 3468 alterius
396 3430 431 3470 se
445 3417 600 3481 inductum
616 3431 746 3496 peccato
763 3423 828 3483 iure
844 3422 957 3483 iecisse
973 3422 1173 3480 demonstrat
