2575 3892
134 174 197 240 196
504 169 553 228 DE
571 158 804 228 lttvsslt‘rtollti
1147 165 1189 221 st

134 324 354 397 administrari,
377 323 403 382 si
419 338 499 382 unus
515 320 649 398 quisque
662 319 735 378 velit
748 317 845 377 verba
859 324 1001 392 spectare
1016 325 1046 378 et
1060 335 1127 381 uon
1141 324 1189 383 ad

91 408 95 417 '
134 412 323 471 voluntatem
344 405 501 481 clusani
522 420 560 465 ea
578 402 675 464 verbo
687 401 841 476 habuerit,
863 401 1022 475 accedam,
1044 401 1186 464 xbvut.

135 492 206 557 141.
227 491 339 553 deinde
364 506 405 550 ex
428 490 566 551 utilitatis
590 494 621 548 et
644 484 816 548 honestatis
842 485 983 561 partibus
1004 489 1184 563 ostendere,

136 593 228 654 quam
249 574 355 635 inutile
375 581 427 634 aut
448 587 539 649 quam
560 580 650 646 turpe
665 569 705 631 sit
722 570 768 645 id,
790 569 876 646 quod
889 568 1062 631 adversarii
1077 572 1183 635 dicunt

135 662 202 723 lieri
216 659 395 736 oportuisse
409 663 462 717 aut
476 663 636 733 oportere;
660 662 691 715 et
703 655 750 729 id,
774 653 858 730 quod
872 668 931 713 nos
948 654 1114 717 fecerimus
1129 665 1185 718 aut

135 746 337 822 postulemus,
354 757 447 816 quam
461 742 534 802 utile
549 748 600 800 aut
612 754 704 815 quam
717 737 879 800 honestum
894 737 949 806 slt;
966 737 1080 800 deinde
1093 742 1182 816 leges

134 829 225 890 nobis
241 842 331 887 caras
345 839 418 886 esse
433 840 493 886 non
510 831 637 900 propter
651 822 777 896 litteras,
795 837 874 899 quae
888 829 999 883 tenues
1019 830 1050 883 et
1068 822 1179 886 obscu-

134 929 189 973 rae
204 918 295 972 notae
309 911 371 971 sint
384 909 565 980 voluntatis,
590 907 648 968 sed
662 913 790 983 propter
803 920 909 967 earnm
924 920 1043 979 rerum,
1066 908 1181 982 quibus

136 997 175 1055 de
191 996 339 1070 scriptum
354 1000 410 1067 est,
426 995 584 1055 utilitatem
598 997 629 1051 ct
643 1004 760 1064 eorum,
776 991 829 1066 qui
843 990 1045 1065 scripserunt,
1055 993 1182 1067 sapien·

135 1080 208 1140 tiam
228 1086 259 1138 et
279 1077 482 1151 diligentiam
505 1084 628 1151 postea,
652 1074 727 1149 quid
740 1075 780 1134 sit
793 1074 859 1147 lex,
882 1074 1072 1148 describere,
1092 1082 1128 1135 ut
1142 1092 1183 1135 ea
1266 1104 1267 1143 i

135 1163 276 1222 videntur
294 1163 326 1220 in
348 1162 522 1234 sententiis,
544 1175 605 1220 non
621 1159 653 1216 in
667 1156 771 1217 verbis
787 1158 973 1227 consistere;
997 1164 1026 1217 et
1040 1160 1136 1218 iudex
1151 1161 1181 1219 is
1266 1174 1267 1247 l

134 1246 276 1305 videatur
288 1245 349 1319 legi
364 1246 585 1319 obtemperare,
602 1242 655 1317 qui
669 1242 850 1302 sententiam
867 1242 942 1315 eius,
957 1257 1015 1300 non
1031 1242 1082 1315 qui
1096 1245 1179 1301 scri-

135 1338 256 1405 pturam
271 1337 436 1404 sequutum
459 1327 585 1397 deinde,
604 1341 697 1401 quam
712 1323 871 1398 indignum
886 1324 938 1396 sit,
957 1323 1064 1383 eodem
1079 1323 1177 1384 adlici

136 1412 288 1488 supplicio
304 1428 382 1485 eom,
399 1412 451 1487 qui
466 1418 593 1486 propter
604 1409 731 1484 aliquod
743 1409 846 1469 scelus
859 1415 890 1468 et
901 1408 1057 1467 audaciam
1067 1415 1181 1468 contra

136 1499 221 1571 leges
243 1498 362 1566 tenerit,
385 1501 416 1555 et
437 1511 521 1570 eum,
544 1494 597 1569 qui
617 1494 750 1554 honesta
771 1500 822 1552 aut
835 1492 1013 1552 necessaria
1027 1490 1066 1550 dc
1081 1507 1182 1553 eausa
1210 1515 1217 1535 n

136 1597 199 1641 non
214 1581 253 1640 ab
269 1580 427 1653 sententia,
443 1579 501 1638 sed
515 1579 554 1638 ab
568 1579 677 1638 litteris
691 1577 769 1651 legis
783 1577 964 1645 recesserita
978 1580 1069 1648 atque
1084 1573 1133 1634 bis
1150 1586 1182 1638 et

135 1665 313 1725 huiusmodi
334 1663 505 1723 rationibus
526 1669 556 1722 et
576 1662 677 1736 accipi
692 1676 817 1721 causam
831 1667 862 1721 et
875 1660 906 1720 in
920 1659 980 1721 hac
993 1660 1061 1733 lege
1076 1661 1180 1735 accipi

136 1755 165 1806 et
180 1764 249 1807 eam
264 1763 404 1818 causam,
428 1762 521 1822 quam
540 1746 609 1822 ipse
624 1746 757 1819 adferat,
779 1750 923 1820 oportere
938 1744 1037 1818 accipi
1051 1742 1180 1803 demon·

136 1832 253 1891 strabit.
278 1828 349 1891 142.
363 1830 401 1889 Et
417 1831 676 1906 quemadmodum
691 1830 720 1889 ei
735 1829 923 1902 dicebamus,
940 1828 993 1904 qui
1007 1827 1046 1886 ab
1061 1828 1179 1903 scripto

135 1916 265 1989 diceret,
287 1913 348 1974 hoe
363 1915 431 1974 lore
445 1915 649 1987 utilissimum,
672 1914 699 1972 si
716 1913 791 1989 quid
806 1914 845 1975 de
860 1913 1015 1987 aequitate
1029 1926 1076 1986 ea,
1098 1927 1179 1987 quae

135 2015 205 2058 cum
218 1997 398 2059 adversario
415 2004 519 2072 staret,
535 1998 728 2071 derogasset,
745 1999 791 2057 sio
805 1999 886 2072 huic,
911 1998 964 2072 qul
980 2003 1087 2058 contra
1101 1998 1179 2056 scri·

135 2090 221 2157 ptum
236 2081 332 2156 dicet,
353 2083 517 2157 plurimum
531 2082 683 2158 proderit,
703 2096 743 2141 ox
756 2082 827 2157 ipsa
840 2082 993 2158 scriptura
1008 2080 1124 2156 aliquid
1139 2080 1182 2143 ad

136 2182 223 2226 suam
240 2182 366 2227 causam
381 2176 561 2230 convertere
572 2173 624 2228 aut
634 2166 777 2242 ambigue
789 2165 905 2242 aliquid
916 2167 1064 2241 scriptum
1075 2171 1180 2227 osteu-

136 2251 227 2317 dere;
251 2250 363 2311 deinde
384 2268 424 2312 ex
439 2252 491 2313 illo
507 2251 650 2327 ambiguo
666 2258 876 2326 campartem,
899 2266 981 2325 quae
995 2249 1055 2309 sibi
1068 2251 1178 2325 prosit,

135 2334 303 2396 defendere
317 2344 371 2397 aut
383 2337 471 2398 verbi
485 2336 693 2398 definitionem
707 2334 853 2396 inducere
867 2340 898 2395 ei
911 2335 992 2394 illius
1006 2334 1094 2394 verbi
1107 2336 1177 2409 vim,

135 2434 196 2490 quo
217 2420 322 2491 urgeri
342 2421 499 2490 videatur,
523 2421 563 2479 ad
584 2437 661 2480 suae
675 2430 790 2479 causae
805 2420 1001 2480 commodum
1014 2419 1179 2479 traducere

134 2506 186 2557 aut
206 2514 247 2558 ex
261 2502 379 2575 scripto
396 2518 457 2561 non
473 2502 621 2577 scriptum
635 2503 763 2576 aliquod
783 2504 929 2565 inducere
943 2519 1000 2580 per
1013 2503 1177 2564 ratiocina-

132 2582 256 2655 tionem,
273 2584 313 2644 de
328 2601 390 2660 qua
404 2592 476 2660 post
490 2586 638 2647 dicemus.
667 2582 739 2649 tm
760 2587 959 2664 Quacumque
972 2594 1074 2648 nutem
1088 2588 1119 2647 in
1133 2603 1176 2660 re,

134 2669 276 2742 quamvis
296 2668 404 2730 leviter
418 2670 586 2747 probabili,
608 2671 724 2746 scripto
739 2671 810 2748 ipso
826 2686 862 2732 sa
876 2672 1060 2743 defenderit,
1083 2672 1179 2732 ettam

135 2770 230 2827 quum
251 2755 405 2830 aequitate
426 2772 522 2817 causa
543 2755 724 2825 abundabit,
751 2756 930 2829 necessario
952 2756 1077 2816 multum
1103 2770 1177 2828 pro-

133 2836 230 2913 ficiet,
256 2839 327 2900 ideo
350 2839 445 2915 qnod,
472 2840 499 2900 si
519 2839 565 2913 id,
594 2855 655 2915 quo
677 2828 780 2900 nititur
802 2841 1050 2902 adversariorum
1071 2854 1178 2914 causa,

133 2921 331 2993 subduxerit,
354 2937 476 2981 ornnem
495 2923 562 2982 eius
577 2922 660 2982 illam
675 2922 737 2982 vim
751 2930 781 2983 et
796 2925 992 2986 acrimoniam
1008 2923 1127 2982 lenierit
1140 2939 1179 2984 ac

133 2998 266 3060 diluerit.
281 2995 355 3058 Loci
366 3004 469 3057 nutem
482 3009 663 3055 communes
675 2995 805 3055 caeteris
817 3012 857 3055 ex
868 2995 1095 3070 adsumptionis
1107 3013 1178 3071 par·
1262 3016 1263 3023 ¹

132 3083 216 3143 tibus
232 3084 263 3143 in
279 3088 441 3155 utramque
455 3086 575 3154 partem
590 3078 786 3139 convenient.
807 3078 973 3141 Praeterea
984 3086 1088 3141 autem
1099 3080 1177 3154 eius,

134 3165 188 3235 qui
202 3181 222 3221 a
236 3166 352 3238 scripto
367 3165 462 3225 dicet:
477 3166 564 3238 leges
580 3178 619 3222 ex
635 3179 679 3234 se,
691 3178 759 3223 ‚non
771 3178 810 3223 ex
822 3163 898 3236 eius,
911 3165 964 3240 qui
976 3169 1085 3224 contra
1095 3179 1179 3226 com·

133 3244 260 3332 miserit,
272 3246 401 3305 utilitate
413 3247 547 3320 spectari
559 3252 705 3322 oportere
720 3254 749 3306 et
761 3246 882 3321 legibus
898 3246 1056 3322 antiquius
1067 3248 1179 3309 baberi

133 3322 208 3376 nibal
223 3329 377 3388 oportere.
407 3329 521 3387 Contra
535 3328 699 3403 scriptum:
715 3331 802 3405 leges
818 3330 849 3389 in
866 3332 997 3392 consilio
1013 3331 1176 3407 scriptoris
1261 3374 1262 3387 t

134 3405 166 3451 ot
176 3397 304 3453 utilitate
314 3409 476 3476 communi,
490 3412 595 3470 nonin
607 3412 711 3471 verbis
722 3412 904 3487 consistere,
912 3429 1006 3487 quam
1016 3414 1177 3491 indignum
