2575 3892
124 171 188 235 182
496 169 548 229 DE
562 167 796 228 INVENTIONE
1144 180 1191 235 8⁰

124 328 316 397 iactarentur,
330 330 492 395 voverunt,
508 322 535 381 si
547 338 584 382 eo
597 329 697 397 portu,
714 335 806 395 quern
817 317 1062 394 conspiciebant,
1079 323 1190 396 potiti

124 418 238 482 essent,
259 408 288 468 ei
303 407 372 478 deo,
396 405 449 481 qui
463 405 504 464 ibi
519 414 612 477 essct,
634 421 669 465 se
685 404 812 465 vitulum
825 402 1047 464 immolaturos.
1087 406 1188 468 Casu

124 501 189 553 erat
207 491 237 550 in
259 505 297 550 eo
319 498 411 565 portu
430 491 534 548 lanum
547 488 665 550 Dianae
685 488 768 562 eius,
794 486 846 548 cui
864 486 994 547 vitulum
1006 485 1187 552 immolare

123 591 185 636 non
200 574 322 634 licebat.
355 573 568 648 Imprudentes
583 572 671 646 legis,
693 588 788 647 quum
801 569 950 643 exissent,
965 570 1101 633 vitulum
1118 573 1182 635 im-

122 659 323 719 molaverunt.
355 658 559 717 Accusantur.
591 655 724 716 Intentio
742 663 805 716 est:
831 653 969 715 Vitulum
982 654 1179 717 immolastis

123 742 153 802 ei
168 743 239 816 deo,
260 740 309 802 cui
324 757 386 802 nnn
401 732 522 801 licebat.
553 740 702 814 Depulsio
722 748 770 800 est
784 738 815 799 in
830 737 1037 799 concessione
1051 740 1179 814 posita

122 826 213 886 ilatio
228 833 291 886 est:
316 823 441 885 Nescivi
455 838 516 884 non
530 823 634 883 licere.
671 821 835 883 Infirmatio
852 829 914 882 est:
940 821 1068 895 Tamen,
1092 840 1177 898 qno-

122 909 206 969 niam
221 907 335 981 iecisti,
357 907 443 982 qnod
457 923 520 967 non
534 907 662 979 licebat,
683 908 806 981 exlege
820 904 975 981 supplicio
992 905 1176 980 dignus'es.

123 991 272 1053 iudicatio
294 1000 355 1052 est:
382 989 481 1064 Quum
501 991 535 1050 id
554 991 676 1063 lecerit,
703 989 787 1066 quod
802 1005 865 1049 non
880 989 1066 1065 oportuerit,
1091 998 1127 1051 et
1142 990 1177 1050 id

124 1092 187 1136 non
208 1082 351 1150 oportere
371 1075 529 1148 nescierit,
556 1073 636 1136 sitne
657 1072 810 1150 supplicio
830 1072 963 1147 dignust
992 1072 1043 1136 96.
1067 1073 1174 1135 Casus

124 1166 226 1219 autem
247 1159 378 1219 infertur
402 1159 433 1217 in
454 1158 702 1229 concessionem,
740 1173 835 1232 quum
860 1158 1091 1218 demonstratur
1110 1159 1173 1218 ali·

125 1259 186 1316 qua
198 1242 339 1300 fortunae
354 1242 401 1302 vis
415 1241 565 1303 voluntati
580 1240 748 1313 obstitisse,
768 1249 802 1300 ut
815 1242 848 1300 ln
861 1239 935 1299 liae:
957 1239 1050 1314 Quum
1063 1241 1172 1301 Laee-

124 1324 297 1384 daemoniis
310 1327 361 1385 lex
376 1331 469 1394 esset,
484 1332 526 1395 ut,
542 1322 661 1383 hostias
676 1322 736 1383 nisi
750 1324 791 1385 ad
806 1322 988 1384 sacrificium
1001 1323 1168 1396 quoddam

122 1407 301 1481 redemptor
314 1407 525 1482 praebuisset,
550 1406 663 1481 capital
677 1414 777 1476 esset,
804 1405 922 1468 nostras
938 1406 979 1479 is,
1001 1404 1053 1481 qui
1066 1405 1168 1465 rede-

123 1499 229 1565 merat,
246 1508 342 1568 quum
356 1489 501 1551 sacrificii
516 1489 583 1550 dies
598 1489 734 1562 instaret,
750 1489 782 1549 in
796 1491 904 1550 urbem
918 1506 959 1549 err
972 1504 1045 1564 agro
1058 1488 1169 1563 coepit

122 1591 225 1649 agere.
259 1575 336 1634 Tum
355 1573 457 1635 subito
477 1573 597 1648 magnis
619 1571 781 1635 commotIs
800 1572 1033 1647 tempestatibus
1047 1570 1166 1634 fluvIus

121 1659 263 1729 Eurotas
284 1658 313 1721 is
344 1657 397 1732 qui
411 1665 533 1732 praeter
545 1657 811 1718 Lacedaemonem
825 1654 908 1729 fluuit,
932 1656 975 1717 ita
988 1671 1119 1730 magnus
1135 1664 1165 1716 et

122 1742 290 1803 vehemens
306 1741 404 1800 lactus
420 1747 477 1812 est,
492 1748 527 1801 ut
540 1757 579 1800 ea
592 1740 711 1801 traduci
725 1740 868 1802 victimae
881 1741 967 1801 nullo
980 1740 1073 1801 modo
1089 1755 1165 1816 pos·

123 1834 202 1885 sent.
225 1823 276 1887 97.
294 1825 484 1899 Redemptor
498 1841 575 1884 suae
589 1824 755 1885 voluntatis
771 1825 983 1886 ostendendae
997 1838 1095 1885 cansa
1109 1825 1164 1884 ho-

122 1908 198 1968 stias
213 1907 370 1968 constituit
385 1924 492 1968 omnes
506 1908 536 1967 in
551 1908 665 1981 littore,
686 1916 728 1979 ut,
751 1907 805 1984 qui
818 1917 902 1969 trans
917 1907 1032 1969 flumen
1048 1918 1162 1979 essent,

120 1990 229 2049 videre
250 1999 389 2064 possent.
425 1990 523 2062 Quum
545 2006 653 2051 omnes
674 1990 776 2053 studio
797 1992 865 2052 eius
880 1990 1013 2053 subitam
1027 1990 1163 2052 fluminis

122 2072 363 2147 magnitudinem
389 2072 504 2133 scirent
527 2073 625 2134 luisse
650 2074 883 2150 impedimento,
907 2083 1011 2135 tamen
1038 2075 1164 2150 quidam
1247 2148 1248 2151 Ἴ

122 2156 233 2232 capitis
248 2154 465 2218 arcessierunt.
499 2158 627 2219 Intentio
643 2167 706 2219 θεῖε
727 2157 864 2230 Ηοεῖίθθ,
880 2174 957 2234 quas
973 2159 1109 2218 debuisti
1123 2160 1163 2219 ad

123 2241 323 2315 sacrificium,
347 2250 472 2316 praesto
488 2258 550 2301 non
567 2243 697 2303 fuerunt.
732 2241 881 2318 DepulsIo
896 2250 959 2303 est:
982 2241 1161 2303 Concessio.

121 2325 227 2384 Ratio:
248 2323 375 2386 Flumen
390 2324 471 2385 enim
487 2324 587 2386 subito
603 2325 738 2387 accrevit
752 2333 782 2385 et
796 2342 834 2386 ea
846 2341 881 2385 re
895 2325 1015 2386 traduci
1028 2338 1091 2386 non
1106 2342 1162 2400 po·

123 2416 254 2471 luerunt.
289 2409 456 2469 InfirmatIo
471 2418 533 2468 est:
559 2409 688 2481 Tamen,
713 2409 872 2482 quoniam,
899 2410 985 2484 quod
999 2410 1051 2469 lex
1068 2407 1162 2481 iubet,

123 2492 236 2548 laetum
251 2507 313 2549 non
329 2499 385 2561 est,
402 2489 555 2562 suppIIcio
570 2491 683 2564 dignus
697 2507 742 2550 es.
769 2492 917 2553 Iudicatio
933 2500 998 2553 θεῖε
1018 2492 1113 2566 Quum
1127 2491 1159 2549 in

122 2588 160 2633 ea
174 2588 208 2630 re
224 2579 330 2631 contra
341 2573 441 2645 legem
451 2571 627 2645 redemptor
637 2572 755 2649 aliquid
766 2575 880 2647 lecerit,
897 2591 960 2651 qua
971 2576 1002 2635 in
1013 2593 1047 2636 re
1058 2573 1161 2635 studio

122 2655 189 2716 eius
206 2654 307 2715 subita
320 2653 456 2715 fluminIs
472 2654 623 2718 obstiterit
635 2657 823 2733 magnitudo,
840 2659 993 2737 supplicio
1009 2659 1163 2733 dignusne

123 2740 184 2800 siti
203 2737 321 2801 XXXII.
337 2738 387 2801 98.
398 2739 603 2801 Necessitudo
614 2749 717 2803 autem
727 2741 862 2814 intentur,
879 2742 1015 2817 qnnmvi
1027 2741 1164 2816 quadam

121 2841 194 2884 reus
210 2823 251 2897 id,
268 2825 353 2900 qnod
369 2823 484 2896 lecerit,
499 2822 613 2884 iecisse
628 2826 810 2900 defenditur,
825 2826 886 2886 boc
900 2828 1010 2887 modo=
1029 2825 1097 2885 Lex
1113 2834 1162 2886 est

122 2910 207 2983 apud
220 2907 369 2980 Rhodios,
383 2914 426 2979 ut,
446 2906 474 2967 si
490 2924 552 2982 qua
564 2916 697 2968 rostrata
711 2909 741 2968 in
756 2916 847 2983 portu
861 2910 950 2970 navis
966 2908 1162 2984 deprehensa

122 2992 171 3065 sit,
185 2991 367 3066 publicetur.
390 2990 487 3064 Quum
501 3006 613 3063 magna
622 2991 654 3049 in
665 2994 726 3053 alto
738 3000 906 3067 tempestas
918 3000 1011 3068 esset,
1026 2991 1076 3051 vls
1088 3008 1160 3051 ven·

121 3084 223 3136 torum
247 3073 350 3135 invitis
375 3073 475 3135 nantis
500 3073 532 3133 in
552 3073 743 3136 Rhodiorum
765 3082 890 3150 portum
913 3089 1026 3139 narem
1049 3073 1159 3150 coegit.

122 3156 274 3227 Quaestor
286 3174 397 3219 navem
412 3156 518 3232 populi
532 3164 632 3218 vocat.
647 3157 743 3220 Navis
756 3155 898 3221 dominus
911 3169 1004 3234 negat
1016 3165 1161 3234 oportere

122 3236 283 3307 publicari.
315 3241 445 3300 Intentio
461 3247 526 3299 θεῖε
550 3241 696 3301 Rostrata
709 3240 797 3301 navis
812 3241 844 3301 in
858 3251 952 3318 portu
964 3241 1160 3319 deprehensa

122 3320 180 3371 est.
203 3314 354 3382 Depulsio
368 3330 430 3378 est:
448 3322 627 3382 concessio.
648 3323 753 3384 Ratio:
769 3324 808 3383 Vi
820 3332 850 3384 et
860 3325 1039 3385 necessario
1052 3340 1159 3386 sumus

122 3391 154 3446 in
169 3397 294 3460 portum
308 3398 416 3453 eoacti.
449 3401 616 3465 Infirmatio
630 3412 694 3466 θεῖε
717 3404 835 3468 Navem
846 3422 890 3473 ex
902 3409 973 3483 lege
985 3413 1090 3470 tamen
1104 3424 1160 3482 po
