2575 3892
104 193 166 257 too
476 189 775 250 oulnvoarlonu
1112 196 1158 252 ss

104 342 185 406 enim
200 359 291 420 quam
305 343 455 403 habebam
472 349 663 417 potestatem,
686 357 723 401 ea
737 358 806 401 sum
820 357 908 401 usus.
942 339 1084 400 Rationis
1100 339 1154 399 in·
1258 350 1259 413 ζ

103 427 249 489 firmatio:
264 428 305 487 At
320 425 411 497 enim,
428 426 481 500 qui
495 424 594 501 patria
607 432 769 500 potestate,
785 424 917 496 horest,
933 423 1054 499 privata
1069 440 1154 498 qua-

104 512 173 569 dam
198 508 390 570 tribuniciam
415 514 620 583 potestatem,
647 505 707 567 hoc
733 513 795 578 est,
821 506 930 582 populi
955 514 1153 580 potestatem

102 593 251 666 infirmat,
267 590 376 654 minuit
390 590 591 652 maiestatem.
619 589 767 649 iudicatio
784 596 846 649 est:
869 589 1028 651 Minuatne
1041 591 1069 651 is
1082 608 1151 651 ma-

102 674 259 745 iestatem,
293 670 346 747 qui
376 670 408 729 in
440 669 631 730 tribuniciam
655 676 840 744 potestatem
865 670 965 746 patria
992 679 1155 746 potestate

103 764 225 817 utaturt
239 755 289 815 Ad
300 756 380 815 hanc
391 752 608 816 iudicationem
618 754 898 828 argumentationes
910 770 1019 815 omnes
1031 754 1151 817 adferri

104 837 267 915 oportebit.

183 921 235 985 53.
257 923 304 983 Ae
325 937 364 982 ne
380 920 433 997 qui
448 921 526 981 torte
540 918 703 983 arbitretur
716 936 776 982 nos
791 936 852 980 non
868 918 1040 996 intelligere
1053 921 1148 983 aliam
1224 933 1229 939 ’

104 1022 229 1082 quoque
249 1002 386 1067 incidere
408 1004 656 1066 constitutionem
676 1004 706 1064 in
728 1003 807 1064 hanc
828 1020 971 1078 causam,
996 1020 1063 1066 eam
1084 1023 1150 1068 nos

101 1100 220 1166 partem
233 1092 331 1151 solam
344 1087 502 1161 sumimus,
517 1089 548 1148 in
562 1103 654 1164 quam
666 1096 832 1163 praecepta
842 1087 933 1148 nobis
944 1089 1047 1150 danda
1061 1098 1148 1151 sunt.

103 1172 249 1233 Omnibus
265 1180 367 1233 autent
382 1171 519 1247 partibus
534 1172 593 1232 hoc
608 1170 638 1230 in
655 1171 732 1233 libro
748 1169 920 1246 explicatis,
942 1170 1042 1247 quivis
1058 1173 1149 1235 omni

102 1257 132 1317 in
148 1271 252 1327 eausa,
274 1255 301 1314 si
317 1254 480 1328 diligenter
492 1254 636 1327 attendet,
653 1270 761 1315 omnes
778 1254 893 1316 videbit
908 1253 1148 1317 constitutiones
1256 1272 1260 1327 ,⁴

102 1350 132 1399 et
152 1354 257 1399 carum
271 1346 382 1413 partes
404 1343 435 1396 et
455 1338 694 1411 controversias,
720 1337 747 1398 si
764 1354 844 1413 quae
858 1340 936 1401 sorte
949 1339 978 1398 in
993 1353 1045 1398 eas
1058 1336 1140 1398 inci-

102 1424 184 1484 dent.
205 1421 282 1480 Nam
298 1422 337 1481 de
353 1420 494 1482 omnibus
510 1421 768 1496 praescribamus.
791 1421 909 1484 Primus
925 1438 995 1499 ergo
1010 1436 1141 1482 accusa-

101 1505 177 1566 toris
191 1506 280 1567 locus
297 1515 345 1565 est
359 1503 427 1564 eius
442 1504 584 1578 nominis
601 1506 689 1566 cuius
705 1507 744 1565 de
758 1505 791 1565 vi
806 1505 971 1582 quaeritur,
991 1504 1096 1565 brevis
1112 1513 1146 1569 et
1256 1558 1260 1575 ‚

100 1599 208 1665 aperta
228 1598 259 1650 et
274 1605 314 1648 cx
329 1586 476 1663 opinione
490 1588 647 1649 hominum
661 1588 815 1662 delinitio,
838 1589 898 1651 hoo
913 1590 1021 1651 modo:
1047 1588 1145 1649 Maie-

101 1681 210 1733 statem
224 1672 362 1733 minuere
377 1679 425 1733 est
439 1674 478 1731 de
494 1672 639 1747 dignitate
651 1682 703 1733 aut
714 1673 913 1748 amplitudine
926 1682 979 1734 aut
988 1681 1147 1748 potestate

98 1756 208 1832 populi
222 1764 274 1817 aut
289 1772 411 1830 eorum,
433 1755 545 1830 quibus
560 1757 697 1833 populus
711 1765 895 1831 potestatem
911 1757 1004 1828 dedit,
1025 1755 1146 1832 aliquid

100 1841 260 1916 derogare.
283 1841 350 1899 Hoc
366 1838 411 1899 sie
426 1839 561 1900 breviter
574 1840 752 1915 expositum
776 1841 915 1915 pluribus
933 1839 1035 1902 verbis
1050 1848 1147 1902 estet

98 1922 270 1983 rationibus
286 1922 529 1984 confirmandum
544 1923 731 1997 elimasse,
753 1933 787 1985 ut
801 1923 1017 1999 descripseris,
1039 1932 1140 1984 osten—

100 2006 244 2066 dendum.
280 2004 392 2066 Postea
407 2005 501 2079 adid,
518 2007 602 2081 quod
617 2005 786 2081 delinieris,
801 2010 912 2069 laetum
928 2007 1006 2082 eius,
1024 2006 1074 2083 qui
1088 2022 1141 2068 ac·

100 2086 271 2162 ousabitur,
299 2087 467 2164 adiungere
489 2088 643 2164 oportebit
664 2100 755 2152 etex
776 2106 829 2165 eo,
856 2092 941 2167 quod
967 2088 1142 2153 ostenderis

99 2189 172 2233 esse
208 2168 296 2233 verbi
311 2187 407 2234 eausa
420 2170 611 2236 maiestatem
625 2172 778 2247 minuere,
801 2175 915 2237 docere
929 2173 1143 2237 adversarium

98 2255 290 2318 maiestatem
313 2254 464 2318 minuisse
489 2265 519 2318 et
543 2257 625 2318 bunc
650 2266 747 2320 totum
771 2260 874 2320 locum
896 2258 1049 2321 communi
1069 2259 1142 2320 loco

100 2341 291 2413 confirmare,
307 2357 364 2416 per
379 2356 470 2416 quem
485 2340 585 2415 ipsius
601 2341 672 2403 iacti
687 2341 833 2403 atrocitas
848 2350 901 2403 aut
911 2340 1076 2417 indignitas
1088 2350 1145 2401 aut

99 2424 223 2484 omnino
240 2426 331 2499 culpa
346 2440 415 2484 curn
428 2424 639 2498 indignatione
653 2434 810 2499 augeatur.
831 2426 905 2488 Post
918 2423 975 2487 erit
985 2425 1142 2485 infirman-

98 2508 138 2566 da
153 2505 402 2566 adversariorum
417 2506 609 2582 descriptio.v
631 2507 683 2570 54.
698 2510 744 2570 Ea
758 2519 860 2570 autem
875 2506 1087 2580 infirmabitur,
1109 2506 1141 2566 si

98 2589 177 2649 salsa
198 2585 465 2648 demonstrabitur.
500 2589 568 2650 Hoc
590 2608 631 2653 ex
654 2591 800 2667 opinione
821 2594 976 2655 hominum
991 2596 1141 2664 sumetur,

99 2687 193 2749 quum
215 2670 474 2747 quemadmodum
494 2682 524 2735 et
545 2675 658 2749 quibus
679 2675 711 2737 in
731 2678 825 2738 rebus
846 2676 987 2739 homines
1007 2675 1039 2735 in
1064 2690 1141 2735 eon·

99 2754 262 2818 suetudine
284 2756 439 2819 scribendi
459 2765 513 2818 aut
532 2758 760 2820 sermocinandi
781 2777 818 2822 eo
840 2760 936 2823 verbo
951 2758 995 2821 uti
1009 2758 1141 2831 soleant,

99 2838 353 2905 considerabitur.
388 2840 463 2900 Item
478 2841 693 2914 infirmabitur,
716 2842 743 2903 si
756 2842 854 2906 turnis
870 2850 923 2904 aut
935 2841 1052 2922 inutilis
1066 2855 1141 2901 esse

99 2924 302 2997 [ostendetur]
325 2919 392 2981 eius
413 2915 632 2991 descriptionis
654 2915 837 2989 approbatio
859 2921 904 2985 et,
928 2928 1010 2989 quae
1024 2924 1140 2969 iucom-

97 3008 192 3069 moda
213 3010 421 3068 consecutura
440 2999 517 3072 sint,
538 3016 574 3059 eo
595 3014 748 3059 concesso
765 2997 947 3058 ostendetur
954 3016 963 3070 3
989 2993 1020 3055 id
1036 3000 1139 3085 autem

98 3085 325 3150 exhonestatis
341 3094 426 3147 etex
438 3081 576 3146 utilitatis
592 3082 731 3156 partibus
748 3089 900 3151 sumetur,
923 3079 962 3138 de
979 3073 1092 3168 quibus
1108 3089 1139 3131 rn

99 3168 328 3233 deliberationis
349 3165 523 3242 praeceptis
545 3180 748 3240 exponemus.
780 3161 860 3223 Etsi
875 3177 944 3222 cum
961 3156 1139 3221 definitione

99 3256 206 3306 nostra
230 3251 476 3310 adversariorum
502 3247 712 3309 definitionem
733 3246 929 3307 conferemus
949 3249 982 3304 et
1002 3247 1138 3303 nostram

101 3342 219 3395 veram,
250 3329 428 3401 honestam,
459 3331 564 3390 utilem
590 3347 662 3390 esse
686 3327 982 3400 demonstrabimus,
1007 3325 1139 3393 illorum,

102 3413 218 3463 contra.
241 3405 291 3463 55.
308 3408 495 3495 Quaeremus
510 3421 612 3473 autem
624 3429 677 3472 res
692 3421 744 3473 aut
758 3410 872 3472 maiore
887 3417 941 3470 aut
953 3406 1073 3469 minore
1088 3414 1141 3465 aut
