2575 3892
153 184 191 239 os
307 138 310 146 ¹
378 173 494 233 LIBER
509 175 545 232 11.
568 172 652 232 cap.
669 180 788 234 ra-ra
810 179 836 239 3.
851 180 972 235 ln--sa
1132 172 1192 238 lot
1268 178 1269 259 j

155 343 226 401 non,
241 335 274 388 ut
287 342 461 397 causarum,
478 324 523 384 sic
539 332 693 385 oratorum
706 339 831 398 quoque
841 325 1004 403 multorum
1015 339 1194 389 communes
1268 388 1269 391 ,

155 410 215 475 loci
231 420 312 472 sunt.
333 410 409 469 Nam
424 407 484 468 nisi
499 408 537 467 ab
548 407 597 481 iis,
612 406 666 482 qni
677 408 771 467 multa
779 405 810 466 in
822 406 1040 468 exercitatione
1052 423 1195 483 magnam
1268 424 1269 427 ¹

152 495 214 556 sibi
224 496 390 554 verborum
402 500 433 553 et
443 491 663 552 sententiarum
674 488 795 566 copiam
805 491 1059 565 comparaverint,
1070 493 1195 553 tractari
1268 510 1269 519 ¹

153 595 217 637 non
232 585 377 653 poterunt
391 583 496 637 ornate
511 582 541 636 et
555 573 696 650 graviter,
715 574 973 657 quemadmodum
988 581 1094 635 natura
1108 575 1194 651 ipso-

154 678 223 721 rum
243 658 409 720 desiderat.
444 658 548 733 Atque
567 658 628 719 boc
649 656 689 718 sit
704 657 794 719 nobis
810 657 926 719 dictum
939 656 1139 718 communitor
1153 661 1193 719 de

153 742 239 804 omni
253 759 367 818 genere
381 745 520 804 locorum
534 740 751 802 communium.
782 742 862 801 XVI.
883 741 971 803 Nunc
992 755 1194 815 exponemus,
1268 758 1269 761 ¹

153 826 185 887 in
202 826 440 888 coniecturalem
454 824 705 886 constitutionem
720 824 773 899 qui
787 823 848 885 loci
864 839 1043 886 communes
1058 823 1194 884 incidere
1268 828 1269 835 ’

152 912 290 971 soleant:
317 907 547 983 suspicionibus
571 907 656 968 credi
677 917 820 984 oportere
838 915 869 967 et
882 924 944 969 non
959 914 1119 982 oportere;
1145 923 1195 968 ru-

153 993 292 1054 moribus
307 991 391 1053 credi
407 1000 551 1067 oportere
565 999 596 1051 61
613 1007 676 1052 non
688 999 847 1066 oportere;
863 990 994 1053 testibus
1006 989 1090 1051 credi
1102 1006 1195 1065 opor·

153 1084 220 1139 tere
239 1085 270 1136 et
288 1093 352 1138 non
373 1083 533 1151 oportere3
561 1074 794 1150 quaestionibus
814 1073 900 1135 credi
919 1081 1064 1150 oportere
1082 1080 1113 1135 et
1132 1090 1193 1133 non

152 1167 314 1234 oportere3
340 1159 434 1220 vitam
454 1166 526 1220 ante
546 1166 646 1218 actam
667 1158 801 1234 spectari
822 1166 964 1234 oportere
978 1165 1011 1218 et
1024 1173 1086 1219 non
1102 1173 1195 1232 opor-

152 1252 234 1313 terc;
260 1243 399 1304 eiusdem
414 1259 501 1316 esse,
523 1241 576 1316 qui
590 1240 621 1300 in
635 1241 689 1313 illa
707 1257 741 1302 re
762 1242 913 1318 peccarit,
935 1250 966 1301 61
986 1241 1046 1303 hoc
1068 1257 1195 1316 quoque

151 1325 334 1399 admisisse,
359 1335 390 1386 et
410 1342 472 1387 non
495 1341 568 1386 6336
589 1325 744 1395 eiusdem;
771 1325 903 1386 maxime
918 1324 1052 1401 spectari
1067 1322 1195 1386 causam
1268 1400 1269 1403 Ἴ

151 1418 298 1482 oportere
319 1417 350 1469 et
369 1425 432 1470 non
454 1417 608 1482 oportere.
643 1410 747 1483 Atque
767 1409 798 1467 hi
813 1409 938 1484 quidem
954 1415 984 1468 et
999 1410 1026 1469 si
1043 1409 1096 1483 qui
1111 1408 1193 1469 eius·

155 1489 239 1549 modi
264 1506 305 1549 cx
324 1491 451 1565 proprio
471 1498 651 1563 argumento
672 1506 851 1552 communes
873 1490 934 1551 loci
955 1498 1136 1563 nascentur,
1162 1490 1194 1549 in
1268 1504 1269 1513 ¹

153 1572 325 1633 contrarias
346 1581 450 1647 partes
480 1570 673 1632 diducuntur.
709 1570 761 1633 51.
783 1573 890 1634 Certus
911 1580 1013 1634 autern
1033 1574 1121 1633 locus
1146 1582 1194 1633 est

154 1655 364 1730 accusatoris,
383 1671 441 1730 per
456 1671 548 1729 quem
562 1662 656 1730 auget
669 1654 741 1715 laeti
755 1655 960 1729 atrocitatem,
983 1666 1013 1717 et
1027 1658 1118 1733 alter,
1138 1672 1194 1732 per
1268 1720 1269 1725 γ

154 1755 248 1814 quem
259 1746 351 1813 negat
361 1739 511 1801 malorum
521 1738 660 1799 misereri
668 1746 827 1814 oportere:
840 1739 1025 1813 defensoris,
1036 1756 1094 1815 per
1102 1756 1194 1815 quem

152 1822 306 1884 calumnia
326 1830 542 1885 accusatorum
562 1839 631 1883 cum
652 1820 862 1897 indignatione
887 1822 1059 1884 ostenditur
1083 1830 1115 1884 61
1138 1839 1195 1898 per

152 1922 247 1980 quom
262 1922 332 1966 curn
347 1905 573 1981 conquestione
587 1905 799 1967 misericordia
814 1913 962 1983 captatam.
981 1906 1020 1967 Hi
1035 1915 1065 1967 ct
1080 1905 1193 1967 caeteri
1268 1908 1269 1913 ’

152 1989 214 2049 1661
235 2005 343 2052 omnes
358 2005 538 2051 communes
553 2006 594 2050 ex
608 1988 718 2061 iisdem
733 1991 908 2067 praeceptis
924 1997 1098 2061 sumuntur,
1125 1989 1192 2065 qui-

152 2074 211 2134 bus
234 2081 374 2134 caeterae
388 2073 686 2147 argumentationem
712 2075 770 2134 sed
783 2072 854 2133 illae
868 2073 989 2135 tenuius
1005 2082 1036 2134 61
1050 2072 1192 2134 subtilius
1268 2138 1269 2141 Ἴ

152 2165 184 2216 ct
204 2156 324 2217 acutius
345 2164 526 2226 tractantur3
552 2156 701 2218 hiantem
714 2154 840 2231 gravius
855 2165 892 2217 et
901 2156 1036 2218 ornatius
1052 2164 1083 2218 et
1099 2172 1193 2232 quum

155 2239 258 2299 verbis
274 2248 337 2300 tum
352 2239 444 2300 etiam
458 2238 618 2301 sententiis
632 2238 866 2300 excellentibus.
900 2241 935 2298 ln
949 2239 1010 2300 illis
1025 2238 1107 2299 enim
1121 2238 1191 2298 linis

150 2332 210 2394 est,
225 2332 259 2383 ut
272 2321 313 2396 id,
331 2323 673 2398 querimoniarum
688 2339 760 2384 esse
773 2323 929 2394 videatur;
951 2323 982 2382 in
997 2321 1056 2396 his,
1070 2322 1192 2383 tametsi
1268 2400 1269 2403 Ἴ

151 2407 212 2467 boc
227 2422 352 2481 quoque
367 2406 465 2467 videri
481 2414 611 2482 oportet,
626 2413 728 2466 lamen
743 2406 813 2468 finis
829 2415 878 2468 est
892 2407 1071 2482 amplitudo.
1105 2405 1191 2466 Nunc
1268 2448 1269 2455 1

149 2491 192 2550 ad
206 2490 297 2550 alium
312 2489 560 2552 constitutionem
574 2499 778 2552 transeamus.

225 2574 319 2633 XVll.
340 2573 392 2635 52
407 2575 507 2648 Quum
521 2582 570 2635 est
584 2573 717 2636 nominis
733 2572 961 2647 controversia,
985 2572 1058 2648 quia
1072 2572 1120 2633 vis
1135 2588 1190 2634 vo·
1268 2602 1269 2605 ¹

151 2655 254 2715 cabuli
276 2656 450 2717 definienda
470 2656 574 2718 verbis
596 2664 659 2730 est,
687 2657 864 2723 constitutio
888 2656 1047 2727 deficitiva
1071 2656 1191 2717 dicitur.

151 2737 227 2798 Eius
247 2738 371 2811 generis
392 2742 536 2814 exemplo
557 2739 649 2799 nobis
670 2740 774 2814 posita
794 2740 833 2802 sit
846 2741 925 2801 haec
940 2748 1049 2801 causer
1077 2741 1108 2799 C.
1123 2740 1191 2801 Fla·

153 2818 266 2880 minius
281 2819 318 2892 is,
335 2821 387 2895 qui
402 2824 512 2882 consul
526 2838 591 2882 rem
604 2823 760 2897 publicam
774 2826 853 2884 male
867 2823 966 2899 gessit
978 2825 1060 2884 bello
1075 2823 1190 2887 Punico

152 2904 309 2976 secundo,
336 2917 430 2980 quum
450 2905 589 2965 tribunus
604 2903 705 2981 plebis
721 2915 821 2981 essct,
846 2907 942 2969 invito
958 2916 1067 2968 senatu
1082 2917 1112 2968 et
1126 2924 1190 2970 om-

150 2985 224 3047 nino
248 2993 354 3048 contra
374 2989 562 3049 voluntatem
583 2988 719 3051 omnium
740 2989 917 3066 optimatum
936 3004 994 3066 per
1008 2990 1191 3052 seditionem

150 3072 193 3130 ad
214 3071 366 3145 populum
379 3071 479 3146 legem
493 3070 647 3148 agrariam
660 3074 787 3135 serebat.
821 3074 909 3134 Hunc
923 3082 1012 3149 pater
1026 3090 1101 3134 suus
1117 3089 1190 3136 oon-

151 3152 256 3215 cilium
276 3153 376 3229 plebis
398 3154 561 3216 habentem
582 3157 621 3218 de
636 3158 756 3232 templo
778 3156 920 3227 1161111111,
946 3156 1113 3218 arcessitur
1127 3175 1191 3218 ma-

151 3236 279 3298 iestatis.
314 3238 444 3300 Intentio
466 3247 529 3300 est:
553 3239 746 3302 Maiestatem
760 3239 910 3313 minuisti,
938 3243 1023 3316 quod
1037 3240 1191 3302 tribunum

151 3319 251 3393 plebis
266 3322 305 3381 de
320 3323 434 3397 templo
450 3323 616 3384 deduxisti.
651 3322 800 3398 Depulsio
816 3331 878 3384 est:
904 3325 972 3384 Non
988 3323 1082 3383 minui
1097 3320 1189 3379 maie-

150 3409 270 3463 statem.
292 3404 437 3477 Quaestio
450 3414 512 3468 est:
523 3407 757 3466 Maiestatemne
766 3404 916 3466 minuerit.
930 3405 1036 3466 Ratio:
1047 3404 1082 3460 In
1094 3399 1190 3458 filium
