2575 3892
120 191 163 257 el
459 188 512 245 ΑΙ)
536 184 567 243 C.
592 180 821 243 HERENNlUM

121 352 153 406 et
167 340 224 403 erit
237 337 299 399 illie
313 332 487 397 deminutus
503 348 650 395 numerus
666 327 850 403 festivitatis,
865 327 915 388 hie
931 330 1082 390 adauctus
1095 346 1171 404 gra·
1264 318 1265 399 J

121 425 225 486 vitatis
261 420 349 481 ratic.

200 440 320 587 Aii‘rrsio
337 511 393 577 est,
410 517 491 577 quae
506 500 602 560 verbo
619 497 710 559 simili
725 506 756 558 et
769 495 948 586 propinquo
964 511 1021 569 pro
1036 504 1121 558 certo
1137 508 1172 563 et

120 570 250 668 propilo
266 586 408 659 abutitur,
425 586 485 645 hoc
498 584 607 644 modo:
622 582 714 642 Vires
727 579 860 639 hominis
874 587 986 639 breves
999 588 1079 652 sunt
1096 590 1171 641 aut:

121 690 220 751 parva
235 679 360 743 statura,
376 677 445 730 aut:
467 671 592 742 longum
607 666 637 724 in
653 663 777 723 homine
792 662 964 733 consilium,
981 671 1049 722 aut=
1065 666 1170 726 oratio

121 773 243 833 magna,
259 763 326 815 out:
340 753 384 814 uti
400 768 501 828 pauco
518 764 671 811 sermone.
694 748 770 807 Nam
784 745 835 805 hic
849 745 939 806 focile
950 753 999 806 est
1008 745 1172 809 intellectu

121 841 251 902 llnltima
264 839 360 897 verba
375 851 477 896 rerum
492 832 689 895 dissimilium
704 830 824 892 ratione
838 829 1001 891 abusionis
1015 845 1089 890 esse
1104 838 1170 892 tra·

122 926 225 986 ducta.

204 1005 339 1068 XXXIV.
354 1001 539 1083 ,Translatiofi
548 1008 605 1074 est,
622 1017 717 1074 quum
731 997 860 1057 verbum
874 994 905 1057 iu
922 998 1088 1070 quamdam
1099 1014 1169 1059 rem
1265 1018 1266 1023 ¹

121 1091 328 1152 transferetur
342 1074 448 1151 exalia
459 1106 502 1160 re,
533 1076 619 1159 quod
633 1091 762 1158 propter
776 1079 1005 1140 similitudinem
1019 1087 1105 1142 reete
1120 1081 1164 1143 vi·

122 1173 244 1234 debitur
258 1186 356 1247 posse
370 1168 537 1231 transferri.
574 1168 619 1226 lia
635 1166 749 1245 [igitar]
765 1163 895 1229 sumitur
908 1163 954 1222 rei
967 1170 1039 1225 ante
1054 1166 1168 1226 oculos

123 1257 289 1333 rionendae
304 1270 409 1325 causa,
431 1252 492 1312 sic=
514 1251 570 1310 ilie
584 1250 702 1311 ltaliam
716 1249 864 1309 tumultus
880 1247 1091 1323 expergefecit
1104 1258 1168 1309 ter-

122 1356 193 1401 rore
216 1338 327 1400 subito.
362 1333 526 1396 Brevitatis
547 1350 659 1406 causa,
686 1332 747 1393 sic:
772 1333 894 1392 Recens
908 1331 1059 1391 adrentus
1074 1347 1168 1391 exer-

124 1423 202 1485 citus
217 1419 364 1484 exstinxit
379 1417 480 1480 subito
497 1416 661 1478 civitatem.
681 1414 916 1491 „obscoenitatis
934 1413 1076 1499 vitandae
1088 1429 1165 1476 eau-

124 1524 176 1579 sa,
193 1506 254 1567 sic:
278 1503 371 1563 Cuius
386 1511 482 1563 mater
497 1499 662 1563 cotidianis
677 1500 792 1574 nuptiis
808 1499 987 1560 delectatur.
1019 1499 1164 1572 Augendi

124 1605 229 1661 eausa,
245 1587 307 1648 sic:
328 1587 448 1647 Nullius
463 1601 585 1647 maeror
599 1593 629 1644 ct
644 1584 803 1644 calamites
817 1582 907 1643 istius
922 1583 1050 1657 explere
1065 1581 1165 1643 inimi·
1266 1634 1267 1653 ,

124 1670 212 1733 citius
239 1678 270 1732 et
294 1670 444 1732 refanum
468 1669 680 1730 crudelitatem
701 1675 840 1730 saturare
861 1666 970 1742 potuit.
1005 1665 1164 1727 Ilftnueudi

124 1770 229 1826 causa,
242 1754 303 1814 sic:
320 1755 433 1829 Magno
447 1769 482 1814 se
494 1752 654 1828 praedicat
664 1751 777 1813 auxilio
789 1750 897 1820 fuisse,
911 1749 983 1824 quia
993 1751 1166 1824 paullulum

124 1839 156 1900 iu
171 1840 265 1898 rebus
282 1854 344 1897 non
361 1836 547 1897 difficillimis
562 1834 721 1910 aspiravit.
749 1833 886 1895 Ornandi
903 1849 1009 1906 causa,
1026 1833 1086 1895 sie:
1102 1834 1166 1895 Ali·

127 1920 252 1994 quendo
265 1917 309 1977 rei
322 1917 465 1992 publicae
479 1918 624 1991 rationes,
640 1935 722 1993 quae
737 1916 851 1979 malitia
865 1916 1043 1980 nocentium
1057 1934 1166 1979 exaru-
1266 1932 1268 1975 t

126 2009 224 2072 erunt,
240 2001 351 2061 virtute
366 2001 557 2076 optimatium
570 2000 770 2063 revirescent.
792 2001 1038 2063 Translationem
1049 2003 1166 2078 puden·
1267 2044 1268 2065 t

126 2090 186 2143 tem
202 2083 308 2143 dicunt
321 2099 393 2143 esse
408 2092 568 2158 oportere,
582 2092 616 2145 ut
630 2100 701 2144 cum
714 2084 834 2147 ratione
849 2084 881 2144 in
894 2083 1088 2146 consimilem
1101 2102 1166 2146 rem
1267 2086 1268 2121 ³

126 2172 276 2237 transeat,
300 2183 338 2226 ne
353 2165 420 2227 sine
434 2169 556 2229 delectu
570 2176 684 2230 temere
699 2176 728 2230 et
744 2168 858 2247 cupide
872 2168 1015 2232 videatur
1028 2169 1059 2230 in
1075 2167 1165 2232 dissi·

125 2249 228 2311 mitem
243 2250 472 2312 transcurrisse.

206 2330 258 2396 lo.
276 2333 463 2414 Permutatio
487 2344 535 2397 est
556 2335 654 2396 oratio
670 2335 753 2397 aliud
768 2334 887 2407 verbis,
914 2331 999 2399 aliud
1013 2336 1165 2399 sententia

126 2420 352 2479 demonstrans.
385 2418 430 2478 Ea
444 2414 590 2479 dividitur
603 2419 634 2478 in
650 2428 711 2480 tres
727 2428 848 2494 partes:
865 2417 1101 2494 similitudinem,
1117 2439 1164 2481 ar·

125 2508 318 2575 gumentum,
344 2500 540 2562 contrarium.
574 2501 633 2563 Per
654 2501 884 2579 similitudinem
898 2504 1042 2579 sumitur,
1069 2522 1164 2579 quum
1209 2558 1214 2567 .

76 2580 79 2583 ’
125 2582 342 2644 translationes
363 2602 425 2644 una
452 2593 505 2645 aut
526 2578 632 2661 plures
652 2574 834 2659 frequenter
844 2580 1014 2661 “ponuntur
1033 2602 1051 2645 a
1071 2583 1165 2646 simili

125 2666 245 2729 ratione
260 2667 387 2740 ductae,
410 2666 473 2728 sic:
497 2668 574 2729 Nam
589 2686 685 2744 quum
700 2686 794 2730 canes
810 2670 978 2746 fungentur
992 2668 1105 2734 officiis
1120 2670 1164 2728 lu-

125 2770 245 2828 porum,
261 2751 383 2812 cuinam
396 2751 553 2828 praesidio
568 2769 670 2829 pecua
684 2755 868 2815 credemus?
880 2755 939 2827 Ber
953 2759 1165 2831 argumentum

124 2846 287 2910 tractatur,
316 2853 412 2913 quum
425 2854 445 2897 a
458 2853 596 2913 persona
610 2846 663 2898 aut
676 2839 746 2899 loco
762 2846 815 2900 aut
827 2826 1165 2921 re“afrdua*”siiiriliitido

125 2920 259 2996 augendi
269 2928 324 2983 aut
333 2920 491 2983 minuendi
501 2939 596 2984 causa
609 2920 744 2983 ducitur:
760 2927 794 2985 ut
808 2921 835 2985 si
848 2922 918 2999 quis
930 2923 1063 2985 Drusum
1071 2922 1167 2981 Grae-

68 3076 71 3081 <
125 3004 367 3067 ohdmnidorem
378 3004 552 3068 obsoletum
568 3006 658 3066 dicat.
680 3007 728 3066 Ex
743 3006 896 3068 contrario
913 3005 1032 3068 ducitur
1047 3003 1108 3064 sic=
1133 3006 1169 3058 ut

125 3084 152 3142 si
173 3084 244 3157 quis
264 3085 420 3148 hominem
439 3089 603 3165 prodigum
625 3096 655 3149 et
669 3084 866 3151 tommosam
888 3086 1019 3150 illudens
1035 3104 1164 3164 parcum

125 3174 156 3224 et
170 3165 347 3239 diligentem
361 3174 507 3245 appellet.
528 3174 566 3232 Et
580 3173 611 3234 in
625 3173 686 3234 troc
701 3181 871 3247 postremo,
888 3176 973 3248 quod
988 3188 1029 3233 ex
1043 3176 1162 3233 contra-

125 3248 172 3305 rio
188 3249 317 3339 sumitur
331 3262 361 3310 et
375 3254 405 3312 in
421 3254 472 3313 illo
488 3256 598 3329 primo,
614 3255 700 3330 quod
713 3274 733 3317 a
748 3255 946 3317 similitudine
962 3256 1091 3329 ducitur,
1110 3266 1168 3327 pet·

124 3329 356 3422 translationem
375 3345 556 3406 argumento
576 3338 748 3412 poterimus
763 3338 816 3400 uti.
851 3340 909 3399 Per
923 3339 1160 3409 simulitudinem,

125 3422 186 3464 ⁸10²
214 3405 293 3475 Quid
306 3421 349 3468 an
363 3413 412 3471 hic
427 3431 482 3473 rex
496 3427 590 3491 atque
608 3427 821 3494 Agamemnon
834 3426 950 3492 noster,
958 3421 1079 3493 sinent
1090 3436 1160 3480 cru-
