2575 3892
143 208 205 273 ΗΘ
510 207 561 265 DE
576 202 809 264 INVENTIONE
1134 213 1181 271 ,aa

141 374 223 419 mors
243 356 324 418 illius
339 355 519 432 pertinebat„
552 354 744 429 Relinquitur
758 352 864 428 igitur,
889 360 922 414 ut
936 353 974 411 ab
989 353 1051 413 hoc
1065 370 1128 415 non
1143 356 1185 419 sit

142 441 275 502 occisus.
312 440 450 515 Simplex
469 446 571 500 autem
592 437 751 499 conclusio
774 453 815 496 ex
835 436 1014 496 neccssaria
1029 453 1183 500 consecu-

142 525 223 585 tione
239 523 414 596 conlicitur,
438 523 498 583 hoc
512 523 621 582 modo:
645 520 678 581 Si
692 537 752 582 vos
766 537 816 580 me
829 519 912 580 istud
927 535 965 580 eo
981 527 1123 596 tempore
1137 525 1183 582 le-

141 607 224 667 cisse
244 606 360 678 dicitis,
389 622 447 682 ego
468 616 569 667 autem
591 621 629 665 eo
650 605 721 679 ipso
742 611 881 679 tempore
905 613 991 664 nans
1016 621 1102 666 mare
1128 607 1182 681 lui,

139 690 336 766 relinquitur,
359 698 392 750 ut
405 690 447 764 id,
469 689 554 764 quod
569 687 680 760 dicitis
702 704 766 748 non
779 688 872 748 modo
889 703 950 748 non
968 688 1101 763 fecerim,
1124 693 1183 751 sed

139 791 178 833 ne
199 774 352 849 potuerim
373 773 496 848 quidem
511 774 624 833 iacere.
658 774 760 846 Atque
774 771 835 831 boc
849 771 1012 845 diligenter
1026 774 1183 848 oportebit

139 857 261 931 videre,
286 874 326 918 ne
341 873 402 933 quo
417 863 508 933 pacto
524 870 623 931 genus
637 855 698 916 hoc
712 854 811 915 relelli
824 854 941 929 possit,
965 863 999 916 at
1011 872 1050 916 ne
1067 857 1181 917 contir-

139 941 230 1002 matio
253 941 378 1003 modum
399 940 430 999 in
452 954 487 1001 se
508 937 780 1015 argumentationis
795 938 897 998 solum
911 937 1023 999 lrabeat
1036 948 1067 1000 et
1081 957 1181 1014 quan·

138 1024 210 1084 darn
224 1018 453 1086 similitudinem
466 1022 664 1085 necessariae
678 1018 903 1094 concursionis,
925 1036 1033 1084 verum
1047 1022 1118 1098 ipsa
1131 1041 1180 1083 ar·

138 1109 325 1182 gumentatio
341 1124 382 1169 eu
395 1107 575 1168 necessaria
587 1106 707 1168 ratione
723 1104 880 1167 consistat.

217 1188 269 1253 46.
290 1191 452 1252 Probabile
475 1198 577 1250 autem
601 1198 650 1252 est
668 1188 717 1264 id,
743 1189 829 1264 quod
849 1190 914 1250 lere
934 1192 1014 1252 solet
1034 1186 1102 1251 fleri
1127 1198 1180 1250 ant

139 1273 223 1349 quod
244 1274 275 1332 ln
297 1273 442 1349 opinione
462 1274 599 1348 positum
612 1281 662 1334 est
676 1280 728 1334 aut
743 1273 829 1348 quod
843 1273 934 1334 habet
947 1273 979 1332 in
994 1289 1029 1333 se
1044 1274 1085 1333 ad
1100 1274 1179 1334 haec

138 1356 293 1432 quandam
313 1355 555 1428 similitudinem,
580 1356 648 1417 sive
667 1354 700 1415 id
719 1356 831 1417 falsum
848 1365 895 1417 est
909 1356 975 1417 sive
989 1371 1105 1416 verimi.
1142 1359 1180 1415 In

138 1456 175 1500 eo
198 1456 329 1516 genere,
353 1441 439 1516 quod
459 1441 525 1500 lere
544 1440 612 1500 fieri
627 1439 721 1514 solet,
746 1439 907 1515 probabile
920 1437 1099 1502 huiusmodi
1113 1449 1179 1499 est:

138 1523 171 1583 Si
186 1533 284 1584 mater
297 1531 353 1598 est,
375 1523 473 1599 diligit
486 1523 598 1585 filium:
625 1524 653 1584 si
666 1540 778 1585 avarus
794 1533 851 1596 est,
872 1523 1000 1600 negligit
1011 1524 1060 1584 ius
1076 1523 1179 1584 iuran-

138 1609 220 1668 dum.
242 1609 278 1668 ln
291 1623 330 1670 eo
345 1616 457 1682 autem,
472 1608 557 1683 quod
571 1607 603 1668 in
618 1606 765 1683 opinione
778 1608 915 1684 positum
929 1616 988 1683 est,
1000 1606 1178 1668 huiusmodi

138 1698 211 1752 sunt
230 1691 403 1768 probabilia
411 1715 423 1751 ε.
444 1691 552 1768 lmpiis
570 1693 657 1768 apud
676 1692 794 1754 inferos
814 1707 934 1768 poenas
949 1708 1022 1753 esse
1037 1699 1177 1767 paratas,

139 1775 209 1847 Eos,
227 1775 280 1850 qui
295 1774 511 1854 philosophiae
525 1776 599 1837 dent
613 1792 748 1852 operam,
772 1792 835 1837 non
849 1775 989 1837 arbitrari
1002 1776 1081 1836 deos
1097 1791 1177 1835 esse.

136 1858 227 1920 XXX.
250 1858 423 1921 Similitudo
443 1868 545 1921 autem
564 1859 595 1920 in
618 1860 780 1922 contrariis
801 1869 832 1922 et
844 1859 973 1936 paribus
988 1868 1019 1920 et
1031 1860 1063 1919 in
1077 1859 1116 1920 iis
1131 1876 1176 1918 re·

136 1941 211 2014 bus,
237 1958 318 2017 quae
332 1944 391 2004 sub
406 1943 536 2003 eandem
548 1943 699 2005 rationem
714 1946 842 2016 cadunt,
863 1945 997 2005 maxime
1012 1952 1176 2019 spectatur.

136 2024 171 2082 ln
193 2025 368 2098 contrariis,
396 2026 455 2087 hoc
475 2025 585 2087 modae
609 2027 686 2087 liam
701 2028 728 2088 sl
742 2027 798 2101 iis,
824 2026 876 2102 qui
889 2027 1099 2103 imprudentes
1113 2027 1177 2084 lae·

137 2114 251 2179 serunt,
274 2107 396 2181 ignosci
410 2109 564 2183 convenit,
583 2109 632 2182 iis,
655 2112 708 2187 qui
722 2110 902 2172 necessario
918 2114 1108 2186 promemnt,
1122 2109 1178 2167 ha-

138 2189 202 2250 beri
217 2190 344 2265 gratiam
358 2209 421 2254 non
436 2201 566 2270 oportet.
602 2191 654 2257 tt.
668 2195 715 2255 Ex
729 2195 807 2270 pari,
823 2193 884 2255 sic:
904 2196 981 2255 llam
995 2203 1029 2256 ut
1043 2197 1131 2255 locus
1146 2193 1178 2252 in

136 2273 212 2354 mari
233 2274 301 2335 sine
320 2285 413 2352 portu
426 2270 565 2339 'navibus
585 2294 736 2340 essenon
751 2286 855 2355 potest
868 2286 968 2352 tutus,
994 2279 1040 2339 sic
1056 2278 1177 2338 animus

136 2359 204 2420 sine
218 2356 280 2419 ilde
295 2360 413 2421 stabitis
427 2361 535 2422 amicis
548 2379 611 2424 non
625 2371 731 2439 potest
744 2379 829 2424 esse.-
862 2363 897 2422 ln
911 2363 952 2422 iis
964 2363 1069 2434 rebus,
1096 2378 1179 2436 quae

136 2443 194 2502 sub
215 2442 345 2502 candem
358 2443 508 2504 rationem
522 2445 650 2519 cadunt,
675 2447 735 2509 hoc
749 2446 845 2508 modo
858 2443 1018 2522 probabile
1033 2445 1178 2505 conside·

134 2532 233 2583 ratum
258 2524 334 2583 Nam
354 2525 381 2585 si
395 2526 526 2587 Rhodiis
544 2536 634 2604 turpe
655 2546 717 2590 non
739 2539 788 2591 est
806 2529 976 2606 portorium
989 2529 1108 2599 locare,
1136 2545 1178 2588 ne
1261 2518 1262 2533 ¹

134 2607 367 2669 Hermocreonti
388 2608 512 2684 quidem
531 2619 620 2687 turpe
640 2622 689 2674 est
703 2615 888 2675 conducere
922 2612 1007 2673 Haec
1022 2621 1085 2674 tum
1098 2628 1178 2671 vera

135 2699 215 2765 sunt,
230 2690 289 2753 hoc
304 2700 413 2767 pacto:
435 2692 585 2767 Quoniam
599 2695 726 2757 cicatrix
741 2706 798 2771 est,
814 2698 871 2760 luit
883 2698 1015 2767 viduum
1030 2706 1095 2756 tum
1109 2695 1189 2756 veri·
1260 2726 1261 2733 κ

135 2774 254 2851 similia,
268 2775 327 2837 hoc
342 2777 451 2840 inodo:
467 2777 501 2838 Si
514 2780 627 2840 multus
642 2790 708 2842 erat
717 2781 748 2841 in
761 2781 874 2842 calceis
888 2779 999 2856 pulvis,
1016 2796 1056 2840 ex
1066 2780 1176 2840 itinere
1259 2852 1260 2865 χ

119 2878 205 2923 eum
218 2860 326 2921 venire
341 2862 512 2937 oportebat
1259 2916 1260 2939 ,

210 2945 306 3006 Omne
327 2955 430 3007 autern
450 2981 489 2992 -—
503 2955 538 3007 nt
558 2955 659 3010 certas
681 2949 831 3024 quasdam
850 2947 883 3008 in
904 2956 1009 3024 partes
1029 2945 1176 3005 distribu-
1259 2984 1260 2987 κ

132 3044 221 3086 amus
236 3063 279 3075 -
293 3029 469 3104 probabile,
491 3031 576 3106 quod
591 3032 721 3092 sumitur
735 3034 775 3092 od
789 3030 1096 3107 argumentationem,
1120 3037 1177 3090 aut
1259 3078 1260 3089 ,

131 3107 258 3182 signum
282 3119 340 3172 est·
354 3122 407 3174 aut
433 3113 580 3174 credibile
605 3122 659 3175 ant
682 3115 850 3176 iudicatum
877 3125 930 3177 aut
955 3110 1175 3188 comparabile.
1258 3156 1259 3165 ,

131 3187 184 3282 48·
201 3191 327 3283 Signum
342 3204 399 3267 est,
421 3199 507 3272 quod
521 3198 579 3258 sub
594 3215 722 3260 sensum
736 3198 870 3274 aliquem
885 3199 968 3260 cadit
981 3206 1011 3259 et
1026 3194 1175 3273 quiddam

134 3274 302 3362 ⁸¹8¹¹3fl021t2
317 3278 413 3365 ,quod
434 3296 475 3339 ex
494 3280 564 3355 ipso
585 3283 759 3357 protectum
772 3283 910 3358 videtur,
936 3283 1022 3358 quod
1036 3289 1088 3341 aut
1102 3288 1174 3339 ante

133 3354 224 3443 ,suem
244 3360 297 3410 aut
315 3371 346 3444 m
361 3357 430 3428 ilise
446 3366 569 3436 negotio
592 3374 645 3426 aut
657 3374 731 3440 post
745 3366 785 3428 sit
798 3376 1010 3439 consecutum,
1027 3373 1174 3425 ettamen

132 3433 248 3504 mdldet
262 3437 426 3495 testimonii
441 3450 471 3499 et
484 3446 634 3514 gravioris
651 3448 902 3521 confirmationis
924 3458 957 3509 ut
973 3465 1074 3520 cruor,
1090 3448 1173 3521 luga,
