2575 3892
110 232 172 297 teo
478 207 777 280 ostnvsurtouu
1114 207 1153 262 oi

110 375 288 444 necessario
312 373 344 434 in
364 385 477 447 genere
491 359 673 426 versabitur.
708 357 871 418 Accedunt
884 362 985 413 autem
1000 366 1096 425 saepe
1112 352 1157 410 ad

112 464 320 528 coniecturam
336 453 544 532 quaestiones,
565 442 750 516 testimonie,
770 453 926 508 rumores;
950 452 1031 510 quae
1046 442 1159 494 eontra

112 546 215 612 omnia
234 552 365 617 uterque
386 536 477 598 simili
501 532 553 592 via
578 535 816 607 praeceptorum
841 531 987 615 torquere
1012 518 1052 579 ad
1079 533 1159 578 suae

113 646 227 694 causae
248 623 444 687 commodum
465 615 598 678 debebit.
633 614 710 672 Nam
730 618 760 670 ot
781 625 821 668 ex
844 613 1027 681 quaestione
1046 601 1159 678 ‘suspi-

113 716 221 778 ciones
242 719 272 772 et
287 727 327 772 ex
341 701 515 770 testimonie
531 707 562 761 ct
575 715 615 759 ex
629 711 752 757 rumore
767 692 870 768 aliquo
887 687 954 764 pari
967 686 1104 760 ratione,
1125 694 1161 746 ut

114 818 155 862 ex
170 813 266 858 causa
280 802 364 855 etex
379 802 514 866 persona
529 792 560 846 ct
575 799 613 842 cx
630 783 713 841 facto
726 775 798 839 duci
812 771 977 851 oportebit.

195 878 248 942 47.
272 879 372 952 Quare
393 872 484 933 nobis
507 878 537 929 ct
557 867 578 927 ii
598 864 741 926 videntur
761 875 879 933 errare,
904 855 958 933 qui
978 855 1040 916 hoc
1060 869 1161 928 genus

116 964 330 1042 suspicionum
344 956 464 1020 artificii
479 972 541 1014 non
556 957 663 1028 putant
676 946 824 1022 indigere,
837 950 869 1004 et
881 940 912 1013 ii,
929 939 983 1017 qui
995 939 1085 999 aliter
1097 937 1162 997 hoe

117 1053 157 1111 de
185 1062 300 1124 genere
325 1060 362 1104 ac
388 1044 427 1103 dc
453 1037 536 1100 omni
560 1033 739 1096 coniectura
763 1025 1018 1106 praecipiendum
1040 1030 1162 1098 putant.

118 1132 223 1195 Omnis
245 1129 327 1191 enim
346 1126 457 1187 iisdem
477 1138 519 1184 ex
537 1118 615 1180 locis
637 1115 815 1179 coniectura
829 1110 979 1173 sumenda
993 1115 1050 1169 est.
1084 1104 1165 1166 Nam

117 1226 149 1278 et
163 1215 240 1287 eius
256 1211 355 1288 quiin
372 1206 555 1284 quaestione
569 1201 687 1276 aliquid
698 1198 819 1271 dixerit,
834 1202 865 1256 ci
875 1194 952 1266 eius,
969 1191 1022 1269 qui
1032 1191 1061 1250 in
1073 1190 1164 1250 testi·

118 1298 239 1369 monio,
265 1304 296 1355 et
309 1293 409 1369 ipsius
423 1287 555 1350 rumoris
571 1301 667 1346 eausa
681 1292 711 1345 ct
723 1282 840 1344 veritas
856 1295 897 1339 ex
910 1277 1018 1338 iisdem
1032 1274 1165 1335 attribu·

118 1381 253 1445 tionibus
264 1375 444 1452 reperietur.
467 1369 556 1434 Omni
567 1376 669 1430 autem
679 1367 711 1428 in
724 1381 820 1428 causa
829 1379 903 1440 pers
914 1364 1165 1436 argumentorum

120 1474 169 1526 est
189 1461 335 1524 adiuncta
356 1458 385 1519 ei
407 1473 522 1519 causae
545 1455 661 1525 solum,
692 1447 913 1527 quaedieltur,
938 1453 968 1506 et
981 1444 1018 1503 ab
1032 1441 1105 1517 ipsa
1119 1441 1167 1501 ita

120 1545 222 1613 duem,
238 1549 273 1602 ut
287 1541 326 1601 ab
342 1555 389 1612 ee,
404 1539 436 1598 in
451 1542 582 1611 quaest,
599 1531 767 1609 seperatim
781 1531 812 1592 in
829 1544 938 1591 omnes
956 1526 1095 1588 eiusdem
1110 1541 1165 1600 ge-

118 1626 202 1686 neris
215 1641 327 1686 causas
338 1618 499 1683 transferri
510 1635 573 1680 non
585 1615 833 1681 satiseemmodc
844 1612 960 1690 possit3
974 1626 1047 1687 pars
1059 1616 1165 1670 autem

120 1717 168 1770 est
183 1706 381 1785 pervagatior
397 1715 428 1766 et
443 1702 541 1764 autin
559 1718 667 1763 omncs
689 1700 829 1762 eiusdem
847 1696 970 1774 generis
987 1702 1038 1755 aut
1052 1692 1085 1753 in
1099 1696 1165 1768 ple·
1257 1774 1261 1778 Ι

119 1809 235 1868 resque
246 1808 357 1853 causas
369 1787 614 1850 accommodata.
636 1785 705 1846 XV.
719 1781 772 1845 48.
787 1785 872 1843 llaec
884 1796 959 1857 ergo
972 1785 1165 1854 argumenta,

120 1893 202 1951 quae
217 1873 379 1936 transferri
395 1874 426 1935 in
441 1874 553 1931 multas
575 1885 687 1929 causas
703 1875 850 1944 possunt,
870 1869 959 1926 loeas
982 1878 1165 1924 communes

119 1957 326 2020 nominamus.
336 1957 411 2015 Nam
422 1953 689 2033 locuseommunis
697 1960 752 2013 aut
762 1949 919 2012 certaerci
930 1947 1166 2025 quandameon·

120 2043 198 2103 tinet
211 2040 498 2116 amplificationem
514 2043 550 2097 ut
562 2037 589 2096 si
602 2036 655 2110 qui
666 2036 727 2097 hoe
737 2035 813 2095 velit
827 2031 1005 2105 ostendere,
1019 2047 1096 2101 eum,
1109 2031 1168 2105 qui

119 2132 280 2201 parentem
296 2123 422 2197 necarit,
438 2120 571 2182 maximo
587 2118 743 2196 supplicio
759 2133 831 2180 csse
845 2116 987 2192 dignam3
1004 2131 1065 2192 quo
1081 2118 1166 2186 loco,

120 2209 180 2270 nisi
195 2216 342 2284 perorata
358 2213 412 2281 [et]
428 2207 561 2282 probata
576 2220 687 2276 causa,
701 2219 765 2265 non
781 2209 831 2263 est
852 2201 1015 2274 utendum;
1041 2206 1095 2260 aut
1110 2199 1166 2258 du·

120 2294 206 2364 biae,
229 2309 311 2368 quac
327 2308 366 2352 cx
381 2289 536 2353 centrario
556 2306 683 2366 queque
704 2287 817 2349 habeat
832 2285 1009 2362 probabiles
1024 2282 1167 2344 rationes

121 2373 373 2452 argumentandi3
390 2382 425 2435 ut
440 2373 671 2448 suspicionibus
689 2372 774 2432 credi
790 2385 853 2430 non
868 2377 1023 2445 oportere,
1041 2376 1072 2426 et
1084 2383 1168 2427 ¹‹ron-

119 2469 175 2531 tra,
196 2458 426 2534 suspicionibus
442 2456 527 2518 credi
542 2464 698 2532 oportere.
724 2458 772 2515 Ae
783 2470 857 2529 pars
873 2456 1010 2515 locorum
1024 2465 1169 2510 cotuma-

119 2542 204 2602 nium
218 2558 277 2617 per
286 2540 530 2615 indignationem
541 2548 595 2601 aut
604 2556 661 2616 per
672 2539 929 2613 conquestionem
942 2530 1105 2602 inducitur,
1123 2535 1170 2594 dc

121 2626 233 2701 quibus
249 2632 322 2685 ante
336 2624 452 2685 dietum
466 2631 529 2696 est3
553 2639 626 2699 pars
648 2638 705 2698 per
719 2622 853 2696 aliquam
874 2617 1065 2698 probabilem
1079 2623 1167 2677 utra.-

121 2727 182 2786 que
203 2726 244 2770 ex
261 2715 351 2785 parte
371 2708 531 2770 rationem.
573 2707 625 2768 49.
647 2705 850 2782 Distinguitur
869 2714 972 2766 autem
993 2700 1093 2763 oratio
1115 2709 1167 2760 ›at-

120 2811 182 2871 que
197 2794 370 2856 illustretur
384 2793 532 2864 maxime,
552 2808 623 2852 raro
645 2790 828 2853 inducendis
849 2789 928 2849 loeis
949 2785 1167 2848 communibus
1263 2784 1264 2795 ¹

120 2888 151 2942 et
170 2879 275 2955 aliquo
298 2881 370 2939 loco
387 2877 447 2937 iam
463 2873 649 2937 certioribus
671 2872 730 2936 illis
751 2871 941 2949 argumentis
962 2869 1167 2932 confirmatis.
1263 2862 1264 2947 ξ

117 2965 194 3024 Nam
213 2972 245 3024 et
257 2970 324 3024 tum
339 2961 521 3023 conceditur
535 2974 698 3021 commune
716 2959 862 3034 quiddam
878 2955 992 3029 dicere,
1011 2969 1107 3029 quum
1121 2952 1168 3011 di-

118 3047 250 3121 ligenter
269 3045 364 3122 aliqui
377 3042 525 3120 proprius
547 3059 663 3104 causae
684 3044 773 3105 locus
788 3046 939 3102 tractatus
956 3045 1019 3109 est,
1034 3044 1065 3099 et
1079 3036 1167 3096 audi-

117 3129 195 3188 toris
212 3131 332 3191 animus
347 3136 400 3190 aut
420 3134 590 3188 renovatur
608 3128 650 3187 ad
666 3142 717 3199 ea,
740 3141 822 3202 quae
837 3129 972 3195 restant,
995 3129 1046 3182 aut
1068 3119 1167 3180 omni-

117 3209 178 3298 bus
186 3209 252 3300 ‘iam
270 3211 359 3271 dietis
375 3211 595 3273 exsuscitatur.
630 3208 738 3270 Omnia
758 3208 840 3270 enim
861 3212 1046 3269 ornamenta
1060 3206 1167 3264 elocu-

117 3292 263 3376 t¹01¹1·⁵‚1n
277 3292 387 3382 quibus
401 3302 432 3354 et
442 3293 605 3354 suavitatis
618 3300 649 3354 ct
660 3292 820 3368 gravitatis
831 3290 999 3366 plurimum
1011 3285 1167 3358 consistit,

119 3380 324 3456 Omsslagquee
338 3390 369 3462 m
381 3374 560 3437 inventione
575 3392 680 3438 rerum
696 3385 726 3437 et
741 3374 963 3436 sententiarum
975 3370 1096 3448 aliquid
1111 3370 1168 3428 ha-

117 3443 193 3498 bent
208 3444 377 3518 dl‘snrtaus,
388 3454 425 3510 viu
441 3472 622 3519 communes
637 3463 726 3520 loces
743 3460 955 3519 conferuntur.
991 3455 1042 3514 50.
1062 3455 1170 3528 Quare
