2575 3892
138 144 179 199 31
357 131 473 193 traua
488 132 525 189 ιι
548 130 630 191 oar
647 138 768 193 er-sa
790 138 970 198 §.eo-ror
1127 120 1254 198 183ἶ

140 284 212 363 puli
234 300 305 347 esse
321 278 637 359 oportettludicatio
654 289 716 343 est:
743 282 841 356 Quum
854 260 1016 347 rostratam
1031 299 1142 365 navem
1157 282 1189 344 in
1253 304 1254 307 ¹

140 379 239 467 portu
258 367 487 464 deprehensam
506 367 559 425 lex
578 364 742 441 publicarit
763 382 920 462 quumque
940 367 1023 431 haec
1037 360 1127 428 navis
1143 366 1190 429 in·
1253 430 1254 437 ,

141 454 217 515 vitis
232 451 335 514 nautis
348 449 380 511 vi
395 449 587 526 tempestatis
601 448 632 509 in
647 457 769 545 portum
783 449 924 511 coniecta
938 449 986 523 sit,
1007 459 1190 528 oporteatne
1253 458 1254 463 ’

137 554 216 599 eam
235 533 407 612 publicarit
427 532 478 595 99.
492 534 610 594 Horum
630 532 721 595 trium
741 548 887 608 generum
907 532 1050 594 idcirco
1042 553 1074 596 m
1093 552 1188 597 unmn
1253 544 1254 547 ’

140 625 250 683 locum
270 617 455 681 contutimus
477 618 634 692 exempla,
663 618 748 693 quod
769 616 877 682 surrilis
899 616 929 677 in
950 633 988 678 ea
1009 627 1155 713 praecept
1143 619 1187 681 tio

138 697 421 780 argumentorumt
409 702 546 763 traditur.
568 700 666 761 Nam
658 718 691 763 ιιι
704 700 754 761 his
765 701 906 761 omnibus
917 699 1057 776 primum,
1074 701 1101 762 si
1114 701 1188 777 quid

140 805 196 848 res
217 787 289 862 ipsa
310 786 395 848 dabit
415 784 583 857 facultatis,
611 783 819 849 coniecturam
833 784 939 849 induci
952 786 991 845 ab
1007 793 1188 861 accusatore
1253 804 1254 849 1

142 870 315 947 oportebit,
335 877 369 931 ιιι
382 869 429 942 id,
451 870 536 945 quod
550 870 688 930 voluntat
677 877 707 929 te
722 871 834 931 factum
848 868 1023 944 negabitur,
1046 857 1188 932 corisulto
1253 916 1254 919 ι

142 958 208 1016 fact
196 963 261 1015 tum
275 952 456 1029 suspicione
470 951 575 1027 aliqua
589 953 778 1017 demonstret
766 961 829 1024 tur,
821 952 958 1014 deinde
972 952 1120 1015 inducere
1135 954 1188 1012 de-

142 1036 631 1101 finitionemnecessitudinisaut
642 1035 1073 1117 casusautimprudentiaeet
1085 1052 1187 1096 exem·
1253 1066 1254 1069 =

142 1124 200 1197 pla
219 1123 260 1183 ad
280 1138 348 1185 eam
369 1120 579 1185 definitionem
599 1119 785 1196 altungere
808 1119 840 1181 in
856 1119 969 1196 quibus
983 1118 1187 1196 imprudentia
1253 1168 1254 1173 1

144 1205 245 1266 luisse
260 1205 400 1266 videatur
413 1213 466 1271 aut
480 1221 576 1265 casus
589 1213 646 1266 aut
656 1203 864 1275 necessitudo,
881 1213 912 1264 et
901 1205 965 1264 tab
980 1204 1029 1265 his
1044 1204 1085 1276 id,
1102 1201 1189 1279 quod
1253 1224 1254 1229 ¹

141 1307 216 1351 reus
231 1288 352 1363 inferat,
366 1303 524 1364 separare,
539 1287 642 1363 idest,
658 1288 822 1351 ostendere
838 1285 995 1361 dissimile,
1013 1287 1098 1363 quod
1111 1284 1187 1346 levi·
1253 1306 1254 1311 ¹

142 1392 199 1447 us,
213 1372 344 1445 facilius,
363 1388 427 1432 non
440 1371 620 1446 ignorabile,
641 1387 706 1432 non
720 1371 884 1445 fortuitum,
899 1388 962 1431 neu
976 1370 1187 1439 necessarium

144 1454 251 1524 fuerit3
278 1461 389 1528 postea
409 1456 622 1514 demonstrare
642 1453 785 1528 potuisse
804 1453 909 1523 vitari;
935 1461 968 1514 et
985 1455 1044 1514 hac
1067 1453 1188 1514 ratione
1253 1502 1254 1507 ,

146 1535 306 1614 provideri
320 1535 471 1611 potuisse,
487 1533 514 1596 si
528 1534 588 1595 hoc
603 1544 656 1596 aut
669 1535 744 1595 illud
758 1535 894 1610 fecisset,
909 1544 972 1608 aut,
992 1537 1024 1595 ιιι
1039 1536 1084 1597 sic
1095 1535 1187 1596 fecis-

146 1628 204 1694 set,
217 1617 416 1695 praecaveri,
430 1626 461 1679 et
474 1616 707 1679 definitionibus
721 1618 886 1683 ostendere
900 1635 962 1681 non
978 1618 1057 1681 lianc
1073 1617 1185 1694 impru-

145 1703 282 1764 dentiam
296 1709 350 1765 aut
363 1718 473 1767 casum
484 1709 538 1763 aut
552 1700 829 1777 necessitudinem,
849 1702 1068 1776 sedinertiam,
1091 1701 1173 1777 negti
1253 1742 1254 1753 2

144 1787 289 1863 gentiam,
303 1784 471 1848 fatuitatem
485 1784 635 1847 nominari
647 1793 800 1861 oportere.
822 1782 892 1851 100.
907 1786 993 1863 Acflsi
1005 1803 1184 1862 quaneces·
1253 1786 1254 1793 ’

146 1870 249 1932 situdo
265 1868 486 1946 turpitudinem
500 1869 654 1930 videbitur
666 1870 791 1943 habere,
807 1870 961 1945 oportebit
976 1886 1032 1945 per
1046 1872 1184 1931 locorum

144 1953 354 2016 communium
367 1953 607 2029 implicationem
620 1953 856 2029 redarguentem
871 1954 1082 2020 demonstrare
1098 1952 1185 2029 quid·
1253 1992 1254 2021 p

144 2037 193 2098 vis
207 2037 344 2114 perpeti,
364 2036 443 2097 mori
458 2036 592 2112 denique
607 2035 703 2097 satius
718 2035 831 2110 tuisse,
859 2053 951 2113 quam
966 2036 1118 2098 eiusmodi
1132 2053 1187 2098 nc·
1253 2068 1254 2105 1

147 2120 329 2182 cessitudini
344 2121 566 2194 obtemperare.
599 2122 703 2195 Atque
716 2127 780 2180 tum
795 2117 887 2180 exiis
901 2119 996 2194 lociS,
1017 2122 1056 2181 de
1072 2119 1186 2196 quibus

146 2203 178 2262 in
203 2203 349 2278 negotiali
381 2211 468 2278 parte
494 2201 693 2276 dictumest,
718 2201 797 2265 iuris
814 2210 846 2264 et
863 2200 1026 2278 aequitatis
1047 2210 1187 2264 naturam
1253 2266 1254 2275 ,

147 2284 301 2361 oportebit
315 2300 465 2361 quaerere
480 2294 511 2346 et
525 2285 615 2361 quasi
629 2284 661 2344 in
675 2285 817 2347 absoluta
831 2283 994 2347 iuridiciali
1006 2302 1062 2360 per
1077 2302 1111 2346 se
1126 2286 1187 2346 hoc
1253 2340 1254 2345 ,

145 2369 249 2445 ipsum
262 2370 302 2429 ab
315 2370 411 2429 rebus
427 2368 570 2430 omnibus
585 2368 750 2444 separatim
765 2368 973 2431 considerare.
1009 2371 1112 2444 Atque
1126 2369 1187 2430 hoc

145 2451 176 2513 in
190 2455 272 2528 loco,
292 2452 321 2515 si
335 2454 467 2513 facultas
480 2452 546 2524 erit,
567 2449 718 2526 exemplis
733 2451 777 2512 uti
792 2451 953 2528 oportebit,
972 2451 1083 2528 quibus
1098 2450 1129 2511 ιιι
1145 2449 1187 2511 si·

146 2536 208 2596 mili
221 2535 422 2599 excusatione
437 2553 498 2597 non
514 2535 554 2596 sit
567 2535 719 2610 ignotum,
741 2541 772 2596 et
784 2534 992 2611 contentione,
1013 2533 1111 2611 magis
1125 2534 1186 2595 illis

146 2619 369 2692 ignoscendum
384 2617 495 2692 fuisse,
507 2626 538 2679 et
552 2617 783 2680 deliberationis
798 2617 946 2694 partibus
969 2627 1058 2694 turpe
1073 2627 1126 2680 aut
1141 2616 1186 2678 iu-

148 2701 218 2762 utile
239 2718 311 2763 esse
331 2701 462 2763 concedi
483 2716 551 2761 eam
570 2718 652 2774 rem,
679 2717 758 2776 quae
772 2701 812 2760 ab
826 2698 1187 2763 adversariocommissa

147 2783 201 2857 sit,
226 2799 425 2858 permagnum
446 2798 520 2847 esse
540 2791 570 2844 et
589 2798 701 2858 inagno
723 2785 856 2847 futurum
879 2784 1075 2860 detrimento,
1101 2783 1128 2846 si
1149 2800 1187 2846 ea

147 2883 196 2927 res
217 2866 256 2926 ab
276 2865 331 2940 iis,
358 2866 410 2942 qui
430 2873 613 2941 potestatem
632 2867 748 2935 habent
760 2867 954 2942 vindicandi,
980 2870 1121 2944 neglecta
1137 2867 1186 2929 sit.

147 2950 279 3011 XXXIII.
300 2949 371 3012 101.
390 2950 544 3011 Defensor
563 2959 668 3013 autem
687 2950 849 3012 conversis
872 2951 1014 3015 omnibus
1029 2951 1077 3013 bis
1093 2951 1185 3027 parti·

146 3035 203 3096 bus
217 3033 332 3109 poterit
345 3032 399 3095 ιιιι.
413 3032 547 3095 Maxime
561 3041 664 3096 autem
677 3034 709 3097 in
722 3036 879 3098 voluntate
894 3035 1089 3097 defendenda
1103 3050 1186 3096 com-

147 3115 313 3179 morabitur
326 3125 357 3178 et
370 3115 456 3183 inea
468 3134 503 3178 re
518 3118 710 3194 adaugenda,
725 3135 807 3195 quae
821 3118 970 3182 voluntati
984 3116 1076 3179 luerit
1089 3116 1186 3197 impe-

148 3199 295 3270 diment03
312 3209 393 3261 etse
406 3203 488 3276 plus,
505 3216 599 3276 quam
612 3200 727 3274 feccrit,
744 3204 846 3262 facere
860 3217 923 3262 non
937 3200 1094 3276 potuisse,
1111 3201 1184 3262 etin
1253 3268 1254 3271 Ἴ

148 3283 286 3345 omnibus
301 3284 396 3345 rebus
412 3287 600 3347 voluntatem
614 3282 749 3359 spectari
765 3290 923 3357 oportere,
949 3292 1029 3344 etse
1044 3280 1188 3347 convinci

148 3382 205 3426 non
219 3383 332 3442 posse,
354 3368 440 3445 quod
453 3367 534 3430 absit
548 3389 568 3431 u
582 3370 690 3443 culpa;
713 3383 770 3427 suo
786 3365 910 3428 nomine
925 3378 1117 3428 communem
1130 3362 1187 3419 ho·
1253 3418 1254 3421 ,
