<?xml version="1.0" encoding="UTF-8"?>
<!DOCTYPE html PUBLIC "-//W3C//DTD XHTML 1.0 Transitional//EN"
    "http://www.w3.org/TR/xhtml1/DTD/xhtml1-transitional.dtd">
<html xmlns="http://www.w3.org/1999/xhtml" xml:lang="en" lang="en">
 <head>
  <title>
</title>
<meta http-equiv="Content-Type" content="text/html;charset=utf-8" />
  <meta name='ocr-system' content='tesseract 3.04.00' />
  <meta name='ocr-capabilities' content='ocr_page ocr_carea ocr_par ocr_line ocrx_word'/>
</head>
<body>
  <div class='ocr_page' id='page_1' title='image "./mtulliiciceroni00friegoog/mtulliiciceroni00friegoog_0111.png"; bbox 0 0 2575 3892; ppageno 0'>
   <div class='ocr_carea' id='block_1_1' title="bbox 385 192 1190 261">
    <p class='ocr_par' dir='ltr' id='par_1_1' title="bbox 385 192 1190 261">
     <span class='ocr_line' id='line_1_1' title="bbox 385 192 1190 261; baseline 0.012 -12"><span class='ocrx_word' id='word_1_1' title='bbox 385 192 502 251; x_wconf 76' lang='lat' dir='ltr'><strong>LIBER</strong></span> <span class='ocrx_word' id='word_1_2' title='bbox 515 194 568 250; x_wconf 87' lang='lat' dir='ltr'>lv.</span> <span class='ocrx_word' id='word_1_3' title='bbox 591 194 674 252; x_wconf 31' lang='lat' dir='ltr'>etti).</span> <span class='ocrx_word' id='word_1_4' title='bbox 690 201 776 256; x_wconf 81' lang='lat' dir='ltr'>7—e.</span> <span class='ocrx_word' id='word_1_5' title='bbox 798 200 823 261; x_wconf 79' lang='lat' dir='ltr'>t.</span> <span class='ocrx_word' id='word_1_6' title='bbox 840 204 960 255; x_wconf 79' lang='lat'>10—12.</span> <span class='ocrx_word' id='word_1_7' title='bbox 1147 195 1190 259; x_wconf 81' lang='grc'>63</span> 
     </span>
    </p>
   </div>
   <div class='ocr_carea' id='block_1_2' title="bbox 16 340 1271 3491">
    <p class='ocr_par' dir='ltr' id='par_1_2' title="bbox 141 340 1189 747">
     <span class='ocr_line' id='line_1_2' title="bbox 141 340 1187 423; baseline 0.003 -22"><span class='ocrx_word' id='word_1_8' title='bbox 141 350 272 423; x_wconf 66' lang='lat' dir='ltr'>puchra</span> <span class='ocrx_word' id='word_1_9' title='bbox 286 357 445 403; x_wconf 85' lang='lat' dir='ltr'>vocamus.</span> <span class='ocrx_word' id='word_1_10' title='bbox 470 340 578 400; x_wconf 87' lang='lat' dir='ltr'>Gravis</span> <span class='ocrx_word' id='word_1_11' title='bbox 594 350 650 414; x_wconf 80' lang='lat' dir='ltr'>est,</span> <span class='ocrx_word' id='word_1_12' title='bbox 667 358 746 415; x_wconf 86' lang='lat' dir='ltr'>quae</span> <span class='ocrx_word' id='word_1_13' title='bbox 762 352 932 403; x_wconf 73' lang='lat' dir='ltr'>constater</span> <span class='ocrx_word' id='word_1_14' title='bbox 944 344 1108 404; x_wconf 90' lang='lat' dir='ltr'>verborum</span> <span class='ocrx_word' id='word_1_15' title='bbox 1120 361 1187 419; x_wconf 85' lang='lat' dir='ltr'>gra-</span> 
     </span>
     <span class='ocr_line' id='line_1_3' title="bbox 151 425 1188 502; baseline 0.002 -18"><span class='ocrx_word' id='word_1_16' title='bbox 151 425 329 485; x_wconf 55' lang='lat' dir='ltr'>vruin‘laevi</span> <span class='ocrx_word' id='word_1_17' title='bbox 344 433 375 485; x_wconf 89' lang='lat' dir='ltr'>et</span> <span class='ocrx_word' id='word_1_18' title='bbox 389 432 496 484; x_wconf 89' lang='lat' dir='ltr'>ornata</span> <span class='ocrx_word' id='word_1_19' title='bbox 511 425 748 485; x_wconf 86' lang='lat' dir='ltr'>construetione.</span> <span class='ocrx_word' id='word_1_20' title='bbox 769 425 934 486; x_wconf 81' lang='lat' dir='ltr'>Mediocris</span> <span class='ocrx_word' id='word_1_21' title='bbox 951 435 1005 498; x_wconf 88' lang='lat' dir='ltr'>est,</span> <span class='ocrx_word' id='word_1_22' title='bbox 1023 443 1103 502; x_wconf 87' lang='lat' dir='ltr'>quae</span> <span class='ocrx_word' id='word_1_23' title='bbox 1115 444 1188 488; x_wconf 89' lang='lat' dir='ltr'>con-</span> 
     </span>
     <span class='ocr_line' id='line_1_4' title="bbox 151 505 1189 584; baseline 0.003 -14"><span class='ocrx_word' id='word_1_24' title='bbox 151 517 212 570; x_wconf 81' lang='lat' dir='ltr'>stat</span> <span class='ocrx_word' id='word_1_25' title='bbox 233 524 275 568; x_wconf 80' lang='lat' dir='ltr'>ex</span> <span class='ocrx_word' id='word_1_26' title='bbox 293 505 457 567; x_wconf 90' lang='lat' dir='ltr'>humiliore</span> <span class='ocrx_word' id='word_1_27' title='bbox 472 522 574 581; x_wconf 90' lang='lat' dir='ltr'>neque</span> <span class='ocrx_word' id='word_1_28' title='bbox 588 515 689 566; x_wconf 88' lang='lat' dir='ltr'>tamen</span> <span class='ocrx_word' id='word_1_29' title='bbox 705 523 746 567; x_wconf 84' lang='lat' dir='ltr'>ex</span> <span class='ocrx_word' id='word_1_30' title='bbox 759 507 863 566; x_wconf 87' lang='lat' dir='ltr'>infima</span> <span class='ocrx_word' id='word_1_31' title='bbox 877 516 907 567; x_wconf 94' lang='lat' dir='ltr'>et</span> <span class='ocrx_word' id='word_1_32' title='bbox 921 511 1189 584; x_wconf 76' lang='lat' dir='ltr'>pervulgatissima</span> 
     </span>
     <span class='ocr_line' id='line_1_5' title="bbox 149 589 1188 668; baseline 0.005 -18"><span class='ocrx_word' id='word_1_33' title='bbox 149 592 317 651; x_wconf 89' lang='lat' dir='ltr'>verborum</span> <span class='ocrx_word' id='word_1_34' title='bbox 332 589 486 663; x_wconf 76' lang='lat' dir='ltr'>dignitate.</span> <span class='ocrx_word' id='word_1_35' title='bbox 523 592 688 650; x_wconf 86' lang='lat' dir='ltr'>Attenuata</span> <span class='ocrx_word' id='word_1_36' title='bbox 702 598 764 662; x_wconf 89' lang='lat' dir='ltr'>est,</span> <span class='ocrx_word' id='word_1_37' title='bbox 782 605 861 665; x_wconf 89' lang='lat' dir='ltr'>quae</span> <span class='ocrx_word' id='word_1_38' title='bbox 876 590 1012 650; x_wconf 87' lang='lat' dir='ltr'>demissa</span> <span class='ocrx_word' id='word_1_39' title='bbox 1026 602 1188 668; x_wconf 77' lang='lat' dir='ltr'>estusque</span> 
     </span>
     <span class='ocr_line' id='line_1_6' title="bbox 151 670 970 747; baseline -0.004 -14"><span class='ocrx_word' id='word_1_40' title='bbox 151 675 191 733; x_wconf 86' lang='lat' dir='ltr'>ad</span> <span class='ocrx_word' id='word_1_41' title='bbox 206 670 439 732; x_wconf 88' lang='lat' dir='ltr'>usitatissimam</span> <span class='ocrx_word' id='word_1_42' title='bbox 453 672 523 747; x_wconf 91' lang='lat' dir='ltr'>puri</span> <span class='ocrx_word' id='word_1_43' title='bbox 537 673 793 734; x_wconf 78' lang='lat' dir='ltr'>consuetudinem</span> <span class='ocrx_word' id='word_1_44' title='bbox 808 673 970 733; x_wconf 86' lang='lat' dir='ltr'>sermonis.</span> 
     </span>
    </p>

    <p class='ocr_par' dir='ltr' id='par_1_3' title="bbox 148 755 1271 1497">
     <span class='ocr_line' id='line_1_7' title="bbox 223 755 1271 851; baseline 0.005 -37"><span class='ocrx_word' id='word_1_45' title='bbox 223 756 376 851; x_wconf 43' lang='grc' dir='ltr'>ΜΨ</span> <span class='ocrx_word' id='word_1_46' title='bbox 390 765 590 818; x_wconf 82' lang='lat' dir='ltr'>consumetur</span> <span class='ocrx_word' id='word_1_47' title='bbox 605 759 702 833; x_wconf 82' lang='lat' dir='ltr'>oratio</span> <span class='ocrx_word' id='word_1_48' title='bbox 721 759 827 830; x_wconf 82' lang='lat' dir='ltr'>figura,</span> <span class='ocrx_word' id='word_1_49' title='bbox 837 760 872 832; x_wconf 92' lang='lat' dir='ltr'>si,</span> <span class='ocrx_word' id='word_1_50' title='bbox 885 772 965 830; x_wconf 88' lang='lat' dir='ltr'>quae</span> <span class='ocrx_word' id='word_1_51' title='bbox 979 755 1129 831; x_wconf 90' lang='lat' dir='ltr'>cuiusque</span> <span class='ocrx_word' id='word_1_52' title='bbox 1143 760 1187 818; x_wconf 86' lang='lat' dir='ltr'>rei</span> <span class='ocrx_word' id='word_1_53' title='bbox 1270 780 1271 785; x_wconf 79' lang='lat'>¹</span> 
     </span>
     <span class='ocr_line' id='line_1_8' title="bbox 150 826 1186 915; baseline 0 -16"><span class='ocrx_word' id='word_1_54' title='bbox 150 847 296 914; x_wconf 90' lang='lat' dir='ltr'>poterunt</span> <span class='ocrx_word' id='word_1_55' title='bbox 311 826 505 900; x_wconf 66' lang='lat' dir='ltr'>ornatissima</span> <span class='ocrx_word' id='word_1_56' title='bbox 517 841 613 899; x_wconf 88' lang='lat' dir='ltr'>verba</span> <span class='ocrx_word' id='word_1_57' title='bbox 626 840 765 915; x_wconf 86' lang='lat' dir='ltr'>reperiri,</span> <span class='ocrx_word' id='word_1_58' title='bbox 782 841 848 899; x_wconf 91' lang='lat' dir='ltr'>sive</span> <span class='ocrx_word' id='word_1_59' title='bbox 862 840 991 915; x_wconf 88' lang='lat' dir='ltr'>propria</span> <span class='ocrx_word' id='word_1_60' title='bbox 1007 839 1074 899; x_wconf 88' lang='lat' dir='ltr'>sive</span> <span class='ocrx_word' id='word_1_61' title='bbox 1089 849 1186 900; x_wconf 84' lang='lat' dir='ltr'>extra-</span> 
     </span>
     <span class='ocr_line' id='line_1_9' title="bbox 150 923 1189 998; baseline 0.001 -17"><span class='ocrx_word' id='word_1_62' title='bbox 150 937 218 994; x_wconf 70' lang='lat' dir='ltr'>nee,</span> <span class='ocrx_word' id='word_1_63' title='bbox 231 925 271 983; x_wconf 90' lang='lat' dir='ltr'>ad</span> <span class='ocrx_word' id='word_1_64' title='bbox 283 941 376 984; x_wconf 86' lang='lat' dir='ltr'>unam</span> <span class='ocrx_word' id='word_1_65' title='bbox 389 940 545 998; x_wconf 82' lang='lat' dir='ltr'>quamque</span> <span class='ocrx_word' id='word_1_66' title='bbox 555 939 621 983; x_wconf 90' lang='lat' dir='ltr'>rem</span> <span class='ocrx_word' id='word_1_67' title='bbox 636 923 964 994; x_wconf 75' lang='lat' dir='ltr'>accornmodabuntur3</span> <span class='ocrx_word' id='word_1_68' title='bbox 981 930 1018 994; x_wconf 89' lang='lat' dir='ltr'>et,</span> <span class='ocrx_word' id='word_1_69' title='bbox 1036 923 1063 981; x_wconf 90' lang='lat' dir='ltr'>si</span> <span class='ocrx_word' id='word_1_70' title='bbox 1077 938 1189 996; x_wconf 84' lang='lat' dir='ltr'>graves</span> 
     </span>
     <span class='ocr_line' id='line_1_10' title="bbox 153 1004 1187 1082; baseline 0 -17"><span class='ocrx_word' id='word_1_71' title='bbox 153 1004 336 1076; x_wconf 85' lang='lat' dir='ltr'>sententiae,</span> <span class='ocrx_word' id='word_1_72' title='bbox 364 1023 444 1082; x_wconf 87' lang='lat' dir='ltr'>quae</span> <span class='ocrx_word' id='word_1_73' title='bbox 466 1007 495 1066; x_wconf 94' lang='lat' dir='ltr'>in</span> <span class='ocrx_word' id='word_1_74' title='bbox 517 1006 756 1081; x_wconf 84' lang='lat' dir='ltr'>amplificatione</span> <span class='ocrx_word' id='word_1_75' title='bbox 782 1014 813 1066; x_wconf 90' lang='lat' dir='ltr'>et</span> <span class='ocrx_word' id='word_1_76' title='bbox 837 1005 1104 1066; x_wconf 80' lang='lat' dir='ltr'>commiseratione</span> <span class='ocrx_word' id='word_1_77' title='bbox 1129 1016 1187 1065; x_wconf 88' lang='lat' dir='ltr'>tra-</span> 
     </span>
     <span class='ocr_line' id='line_1_11' title="bbox 152 1086 1271 1162; baseline 0 -15"><span class='ocrx_word' id='word_1_78' title='bbox 152 1095 280 1159; x_wconf 90' lang='lat' dir='ltr'>ctantur,</span> <span class='ocrx_word' id='word_1_79' title='bbox 297 1088 461 1162; x_wconf 72' lang='lat' dir='ltr'>eligentur,</span> <span class='ocrx_word' id='word_1_80' title='bbox 483 1098 527 1161; x_wconf 87' lang='lat' dir='ltr'>et,</span> <span class='ocrx_word' id='word_1_81' title='bbox 545 1089 572 1149; x_wconf 94' lang='lat' dir='ltr'>si</span> <span class='ocrx_word' id='word_1_82' title='bbox 588 1089 806 1150; x_wconf 84' lang='lat' dir='ltr'>exornationes</span> <span class='ocrx_word' id='word_1_83' title='bbox 822 1089 1039 1150; x_wconf 86' lang='lat' dir='ltr'>sententiarum</span> <span class='ocrx_word' id='word_1_84' title='bbox 1054 1097 1106 1148; x_wconf 90' lang='lat' dir='ltr'>aut</span> <span class='ocrx_word' id='word_1_85' title='bbox 1121 1107 1187 1148; x_wconf 88' lang='lat' dir='ltr'>ver·</span> <span class='ocrx_word' id='word_1_86' title='bbox 1270 1086 1271 1089; x_wconf 72' lang='grc'>’</span> 
     </span>
     <span class='ocr_line' id='line_1_12' title="bbox 150 1171 1187 1247; baseline 0.002 -17"><span class='ocrx_word' id='word_1_87' title='bbox 150 1171 275 1245; x_wconf 87' lang='lat' dir='ltr'>borum,</span> <span class='ocrx_word' id='word_1_88' title='bbox 297 1188 377 1245; x_wconf 89' lang='lat' dir='ltr'>quae</span> <span class='ocrx_word' id='word_1_89' title='bbox 391 1172 569 1247; x_wconf 85' lang='lat' dir='ltr'>gravitatem</span> <span class='ocrx_word' id='word_1_90' title='bbox 584 1171 753 1245; x_wconf 85' lang='lat' dir='ltr'>habebunt,</span> <span class='ocrx_word' id='word_1_91' title='bbox 771 1175 810 1232; x_wconf 90' lang='lat' dir='ltr'>de</span> <span class='ocrx_word' id='word_1_92' title='bbox 825 1173 937 1247; x_wconf 88' lang='lat' dir='ltr'>quibus</span> <span class='ocrx_word' id='word_1_93' title='bbox 952 1180 1025 1247; x_wconf 87' lang='lat' dir='ltr'>post</span> <span class='ocrx_word' id='word_1_94' title='bbox 1040 1171 1187 1244; x_wconf 82' lang='lat' dir='ltr'>dicemus,</span> 
     </span>
     <span class='ocr_line' id='line_1_13' title="bbox 149 1254 1271 1330; baseline -0.003 -18"><span class='ocrx_word' id='word_1_95' title='bbox 149 1254 384 1317; x_wconf 88' lang='lat' dir='ltr'>adhibebuntur.</span> <span class='ocrx_word' id='word_1_96' title='bbox 407 1254 456 1316; x_wconf 81' lang='lat' dir='ltr'>la.</span> <span class='ocrx_word' id='word_1_97' title='bbox 470 1257 505 1315; x_wconf 92' lang='lat' dir='ltr'>In</span> <span class='ocrx_word' id='word_1_98' title='bbox 519 1256 579 1316; x_wconf 91' lang='lat' dir='ltr'>hoc</span> <span class='ocrx_word' id='word_1_99' title='bbox 593 1272 707 1330; x_wconf 81' lang='lat' dir='ltr'>genere</span> <span class='ocrx_word' id='word_1_100' title='bbox 721 1256 838 1330; x_wconf 83' lang='lat' dir='ltr'>figurae</span> <span class='ocrx_word' id='word_1_101' title='bbox 853 1256 910 1316; x_wconf 89' lang='lat' dir='ltr'>erit</span> <span class='ocrx_word' id='word_1_102' title='bbox 924 1256 984 1317; x_wconf 88' lang='lat' dir='ltr'>hoc</span> <span class='ocrx_word' id='word_1_103' title='bbox 997 1257 1187 1330; x_wconf 83' lang='lat' dir='ltr'>exemplum:</span> <span class='ocrx_word' id='word_1_104' title='bbox 1270 1266 1271 1271; x_wconf 79' lang='lat'>¹</span> 
     </span>
     <span class='ocr_line' id='line_1_14' title="bbox 148 1337 1186 1414; baseline 0 -18"><span class='ocrx_word' id='word_1_105' title='bbox 148 1339 224 1396; x_wconf 88' lang='lat' dir='ltr'>Nam</span> <span class='ocrx_word' id='word_1_106' title='bbox 246 1337 315 1411; x_wconf 87' lang='lat' dir='ltr'>quis</span> <span class='ocrx_word' id='word_1_107' title='bbox 338 1347 387 1400; x_wconf 88' lang='lat' dir='ltr'>est</span> <span class='ocrx_word' id='word_1_108' title='bbox 399 1338 547 1411; x_wconf 75' lang='lat' dir='ltr'>vestrim,</span> <span class='ocrx_word' id='word_1_109' title='bbox 563 1338 697 1413; x_wconf 90' lang='lat' dir='ltr'>iudices,</span> <span class='ocrx_word' id='word_1_110' title='bbox 726 1340 777 1414; x_wconf 86' lang='lat' dir='ltr'>qui</span> <span class='ocrx_word' id='word_1_111' title='bbox 792 1339 868 1399; x_wconf 89' lang='lat' dir='ltr'>satis</span> <span class='ocrx_word' id='word_1_112' title='bbox 884 1338 1026 1400; x_wconf 91' lang='lat' dir='ltr'>idoneam</span> <span class='ocrx_word' id='word_1_113' title='bbox 1040 1338 1143 1414; x_wconf 86' lang='lat' dir='ltr'>possit</span> <span class='ocrx_word' id='word_1_114' title='bbox 1156 1339 1186 1398; x_wconf 91' lang='lat' dir='ltr'>in</span> 
     </span>
     <span class='ocr_line' id='line_1_15' title="bbox 149 1422 1187 1497; baseline 0.002 -18"><span class='ocrx_word' id='word_1_115' title='bbox 149 1437 220 1480; x_wconf 90' lang='lat' dir='ltr'>eum</span> <span class='ocrx_word' id='word_1_116' title='bbox 240 1437 373 1495; x_wconf 88' lang='lat' dir='ltr'>poenam</span> <span class='ocrx_word' id='word_1_117' title='bbox 394 1422 586 1496; x_wconf 86' lang='lat' dir='ltr'>excogitare,</span> <span class='ocrx_word' id='word_1_118' title='bbox 614 1422 668 1497; x_wconf 87' lang='lat' dir='ltr'>qui</span> <span class='ocrx_word' id='word_1_119' title='bbox 687 1424 820 1496; x_wconf 86' lang='lat' dir='ltr'>prodere</span> <span class='ocrx_word' id='word_1_120' title='bbox 834 1422 975 1483; x_wconf 86' lang='lat' dir='ltr'>hostibus</span> <span class='ocrx_word' id='word_1_121' title='bbox 990 1422 1120 1497; x_wconf 88' lang='lat' dir='ltr'>patriam</span> <span class='ocrx_word' id='word_1_122' title='bbox 1136 1438 1187 1481; x_wconf 87' lang='lat' dir='ltr'>co-</span> 
     </span>
    </p>

    <p class='ocr_par' dir='ltr' id='par_1_4' title="bbox 117 1503 1271 1907">
     <span class='ocr_line' id='line_1_16' title="bbox 117 1503 1187 1580; baseline 0.002 -19"><span class='ocrx_word' id='word_1_123' title='bbox 117 1546 119 1551; x_wconf 79' lang='lat'><em>.</em></span> <span class='ocrx_word' id='word_1_124' title='bbox 150 1503 273 1575; x_wconf 78' lang='lat' dir='ltr'>gitarita</span> <span class='ocrx_word' id='word_1_125' title='bbox 299 1505 384 1577; x_wconf 91' lang='lat' dir='ltr'>quod</span> <span class='ocrx_word' id='word_1_126' title='bbox 398 1505 582 1564; x_wconf 87' lang='lat' dir='ltr'>maleficium</span> <span class='ocrx_word' id='word_1_127' title='bbox 597 1522 667 1564; x_wconf 91' lang='lat' dir='ltr'>cnm</span> <span class='ocrx_word' id='word_1_128' title='bbox 681 1506 741 1566; x_wconf 89' lang='lat' dir='ltr'>hoc</span> <span class='ocrx_word' id='word_1_129' title='bbox 758 1506 876 1566; x_wconf 90' lang='lat' dir='ltr'>scelere</span> <span class='ocrx_word' id='word_1_130' title='bbox 891 1504 1079 1580; x_wconf 87' lang='lat' dir='ltr'>comparari,</span> <span class='ocrx_word' id='word_1_131' title='bbox 1103 1507 1187 1579; x_wconf 89' lang='lat' dir='ltr'>quod</span> 
     </span>
     <span class='ocr_line' id='line_1_17' title="bbox 149 1584 1271 1661; baseline 0.002 -19"><span class='ocrx_word' id='word_1_132' title='bbox 149 1584 222 1643; x_wconf 90' lang='lat' dir='ltr'>hnic</span> <span class='ocrx_word' id='word_1_133' title='bbox 236 1585 387 1646; x_wconf 87' lang='lat' dir='ltr'>maleficio</span> <span class='ocrx_word' id='word_1_134' title='bbox 404 1586 529 1659; x_wconf 91' lang='lat' dir='ltr'>dignum</span> <span class='ocrx_word' id='word_1_135' title='bbox 544 1586 730 1660; x_wconf 89' lang='lat' dir='ltr'>supplicium</span> <span class='ocrx_word' id='word_1_136' title='bbox 744 1595 849 1661; x_wconf 88' lang='lat' dir='ltr'>potest</span> <span class='ocrx_word' id='word_1_137' title='bbox 861 1587 1013 1647; x_wconf 73' lang='lat' dir='ltr'>invenirit</span> <span class='ocrx_word' id='word_1_138' title='bbox 1025 1589 1060 1645; x_wconf 90' lang='lat' dir='ltr'>ln</span> <span class='ocrx_word' id='word_1_139' title='bbox 1070 1587 1118 1660; x_wconf 87' lang='lat' dir='ltr'>iis,</span> <span class='ocrx_word' id='word_1_140' title='bbox 1136 1588 1188 1661; x_wconf 91' lang='lat' dir='ltr'>qui</span> <span class='ocrx_word' id='word_1_141' title='bbox 1270 1608 1271 1615; x_wconf 85' lang='lat'>¹</span> 
     </span>
     <span class='ocr_line' id='line_1_18' title="bbox 151 1665 1187 1745; baseline 0.004 -21"><span class='ocrx_word' id='word_1_142' title='bbox 151 1665 321 1726; x_wconf 83' lang='lat' dir='ltr'>violassent</span> <span class='ocrx_word' id='word_1_143' title='bbox 332 1666 504 1741; x_wconf 82' lang='lat' dir='ltr'>ingenuam,</span> <span class='ocrx_word' id='word_1_144' title='bbox 520 1666 778 1728; x_wconf 69' lang='lat' dir='ltr'>matremfflmilias</span> <span class='ocrx_word' id='word_1_145' title='bbox 790 1678 1053 1743; x_wconf 89' lang='lat' dir='ltr'>constuprassent,</span> <span class='ocrx_word' id='word_1_146' title='bbox 1065 1673 1187 1745; x_wconf 89' lang='lat' dir='ltr'>pulsas-</span> 
     </span>
     <span class='ocr_line' id='line_1_19' title="bbox 151 1749 1188 1824; baseline 0.003 -17"><span class='ocrx_word' id='word_1_147' title='bbox 151 1756 222 1808; x_wconf 86' lang='lat' dir='ltr'>sent</span> <span class='ocrx_word' id='word_1_148' title='bbox 231 1749 365 1822; x_wconf 88' lang='lat' dir='ltr'>aliquem</span> <span class='ocrx_word' id='word_1_149' title='bbox 376 1758 429 1811; x_wconf 89' lang='lat' dir='ltr'>aut</span> <span class='ocrx_word' id='word_1_150' title='bbox 439 1758 596 1824; x_wconf 85' lang='lat' dir='ltr'>postremo</span> <span class='ocrx_word' id='word_1_151' title='bbox 608 1758 782 1822; x_wconf 84' lang='lat' dir='ltr'>necassent,</span> <span class='ocrx_word' id='word_1_152' title='bbox 794 1751 1188 1824; x_wconf 88' lang='lat' dir='ltr'>maximasuppliciamaio·</span> 
     </span>
     <span class='ocr_line' id='line_1_20' title="bbox 151 1832 1188 1907; baseline 0 -15"><span class='ocrx_word' id='word_1_153' title='bbox 151 1848 203 1892; x_wconf 90' lang='lat' dir='ltr'>res</span> <span class='ocrx_word' id='word_1_154' title='bbox 219 1840 493 1907; x_wconf 87' lang='lat' dir='ltr'>consumpserunt;</span> <span class='ocrx_word' id='word_1_155' title='bbox 515 1832 588 1892; x_wconf 85' lang='lat' dir='ltr'>huic</span> <span class='ocrx_word' id='word_1_156' title='bbox 602 1832 911 1894; x_wconf 79' lang='lat' dir='ltr'>hucnlcntissimo-ao</span> <span class='ocrx_word' id='word_1_157' title='bbox 926 1832 1043 1894; x_wconf 80' lang='lat' dir='ltr'>nefario</span> <span class='ocrx_word' id='word_1_158' title='bbox 1060 1833 1188 1894; x_wconf 83' lang='lat' dir='ltr'>facinori</span> 
     </span>
    </p>

    <p class='ocr_par' dir='ltr' id='par_1_5' title="bbox 123 1913 1271 2161">
     <span class='ocr_line' id='line_1_21' title="bbox 123 1913 1188 1992; baseline 0 -16"><span class='ocrx_word' id='word_1_159' title='bbox 123 1972 125 1976; x_wconf 77' lang='grc'><strong>,</strong></span> <span class='ocrx_word' id='word_1_160' title='bbox 150 1913 335 1988; x_wconf 79' lang='lat' dir='ltr'>singularem</span> <span class='ocrx_word' id='word_1_161' title='bbox 349 1931 483 1990; x_wconf 84' lang='lat' dir='ltr'>poenam</span> <span class='ocrx_word' id='word_1_162' title='bbox 497 1915 695 1992; x_wconf 88' lang='lat' dir='ltr'>reliquerunt.</span> <span class='ocrx_word' id='word_1_163' title='bbox 729 1918 832 1990; x_wconf 80' lang='lat' dir='ltr'>Atque</span> <span class='ocrx_word' id='word_1_164' title='bbox 846 1915 877 1975; x_wconf 92' lang='lat' dir='ltr'>in</span> <span class='ocrx_word' id='word_1_165' title='bbox 892 1916 960 1977; x_wconf 89' lang='lat' dir='ltr'>aliis</span> <span class='ocrx_word' id='word_1_166' title='bbox 974 1914 1133 1976; x_wconf 84' lang='lat' dir='ltr'>maleficiis</span> <span class='ocrx_word' id='word_1_167' title='bbox 1148 1917 1188 1976; x_wconf 86' lang='lat' dir='ltr'>ad</span> 
     </span>
     <span class='ocr_line' id='line_1_22' title="bbox 150 1996 1186 2075; baseline 0.002 -17"><span class='ocrx_word' id='word_1_168' title='bbox 150 1996 289 2072; x_wconf 86' lang='lat' dir='ltr'>singulos</span> <span class='ocrx_word' id='word_1_169' title='bbox 310 2007 363 2059; x_wconf 89' lang='lat' dir='ltr'>aut</span> <span class='ocrx_word' id='word_1_170' title='bbox 383 2000 424 2058; x_wconf 90' lang='lat' dir='ltr'>ad</span> <span class='ocrx_word' id='word_1_171' title='bbox 444 2015 564 2073; x_wconf 88' lang='lat' dir='ltr'>paucos</span> <span class='ocrx_word' id='word_1_172' title='bbox 585 2015 626 2059; x_wconf 88' lang='lat' dir='ltr'>ex</span> <span class='ocrx_word' id='word_1_173' title='bbox 646 1999 746 2060; x_wconf 84' lang='lat' dir='ltr'>alieno</span> <span class='ocrx_word' id='word_1_174' title='bbox 762 2007 891 2075; x_wconf 90' lang='lat' dir='ltr'>peccato</span> <span class='ocrx_word' id='word_1_175' title='bbox 906 1998 1016 2060; x_wconf 89' lang='lat' dir='ltr'>iniuria</span> <span class='ocrx_word' id='word_1_176' title='bbox 1029 2000 1186 2075; x_wconf 89' lang='lat' dir='ltr'>pervenit;</span> 
     </span>
     <span class='ocr_line' id='line_1_23' title="bbox 150 2082 1271 2161; baseline 0.002 -22"><span class='ocrx_word' id='word_1_177' title='bbox 150 2082 240 2141; x_wconf 90' lang='lat' dir='ltr'>huius</span> <span class='ocrx_word' id='word_1_178' title='bbox 262 2082 390 2145; x_wconf 87' lang='lat' dir='ltr'>sceleris</span> <span class='ocrx_word' id='word_1_179' title='bbox 413 2083 465 2157; x_wconf 90' lang='lat' dir='ltr'>qui</span> <span class='ocrx_word' id='word_1_180' title='bbox 481 2091 552 2143; x_wconf 91' lang='lat' dir='ltr'>sunt</span> <span class='ocrx_word' id='word_1_181' title='bbox 565 2083 699 2154; x_wconf 83' lang='lat' dir='ltr'>adfines,</span> <span class='ocrx_word' id='word_1_182' title='bbox 722 2100 784 2143; x_wconf 90' lang='lat' dir='ltr'>uno</span> <span class='ocrx_word' id='word_1_183' title='bbox 800 2082 929 2144; x_wconf 91' lang='lat' dir='ltr'>oonsilio</span> <span class='ocrx_word' id='word_1_184' title='bbox 944 2082 1097 2143; x_wconf 87' lang='lat' dir='ltr'>universis</span> <span class='ocrx_word' id='word_1_185' title='bbox 1113 2083 1216 2161; x_wconf 41' lang='lat' dir='ltr'>clvi-s¹</span> <span class='ocrx_word' id='word_1_186' title='bbox 1270 2138 1271 2157; x_wconf 54' lang='lat'>,</span> 
     </span>
    </p>

    <p class='ocr_par' dir='ltr' id='par_1_6' title="bbox 52 2164 1271 2247">
     <span class='ocr_line' id='line_1_24' title="bbox 52 2164 1271 2247; baseline 0.003 -24"><span class='ocrx_word' id='word_1_187' title='bbox 52 2174 130 2243; x_wconf 44' lang='lat' dir='ltr'>egi·-</span> <span class='ocrx_word' id='word_1_188' title='bbox 171 2181 209 2222; x_wconf 90' lang='lat' dir='ltr'>us</span> <span class='ocrx_word' id='word_1_189' title='bbox 223 2164 433 2226; x_wconf 88' lang='lat' dir='ltr'>atrocissimas</span> <span class='ocrx_word' id='word_1_190' title='bbox 450 2165 639 2227; x_wconf 82' lang='lat' dir='ltr'>calamitates</span> <span class='ocrx_word' id='word_1_191' title='bbox 654 2165 873 2226; x_wconf 88' lang='lat' dir='ltr'>machinantur.</span> <span class='ocrx_word' id='word_1_192' title='bbox 911 2165 1033 2226; x_wconf 86' lang='lat' dir='ltr'>Oleros</span> <span class='ocrx_word' id='word_1_193' title='bbox 1049 2165 1224 2247; x_wconf 50' lang='lat' dir='ltr'>animost&gt;r</span> <span class='ocrx_word' id='word_1_194' title='bbox 1270 2166 1271 2227; x_wconf 54' lang='lat' dir='ltr'>t</span> 
     </span>
    </p>

    <p class='ocr_par' dir='ltr' id='par_1_7' title="bbox 49 2244 1184 2323">
     <span class='ocr_line' id='line_1_25' title="bbox 49 2244 1184 2323; baseline 0.003 -18"><span class='ocrx_word' id='word_1_195' title='bbox 49 2244 89 2284; x_wconf 61' lang='lat' dir='ltr'>f*</span> <span class='ocrx_word' id='word_1_196' title='bbox 136 2261 169 2323; x_wconf 61' lang='lat' dir='ltr'>go</span> <span class='ocrx_word' id='word_1_197' title='bbox 186 2249 327 2306; x_wconf 89' lang='lat' dir='ltr'>crudeles</span> <span class='ocrx_word' id='word_1_198' title='bbox 340 2247 541 2322; x_wconf 86' lang='lat' dir='ltr'>cogitationes</span> <span class='ocrx_word' id='word_1_199' title='bbox 550 2257 558 2319; x_wconf 77' lang='lat' dir='ltr'>t</span> <span class='ocrx_word' id='word_1_200' title='bbox 568 2263 591 2307; x_wconf 91' lang='lat' dir='ltr'>o</span> <span class='ocrx_word' id='word_1_201' title='bbox 604 2249 768 2309; x_wconf 90' lang='lat' dir='ltr'>derelictos</span> <span class='ocrx_word' id='word_1_202' title='bbox 780 2248 920 2314; x_wconf 88' lang='lat' dir='ltr'>homines</span> <span class='ocrx_word' id='word_1_203' title='bbox 933 2250 971 2309; x_wconf 89' lang='lat' dir='ltr'>ab</span> <span class='ocrx_word' id='word_1_204' title='bbox 982 2249 1184 2310; x_wconf 87' lang='lat' dir='ltr'>humanitate!</span> 
     </span>
    </p>

    <p class='ocr_par' dir='ltr' id='par_1_8' title="bbox 134 2326 1185 2408">
     <span class='ocr_line' id='line_1_26' title="bbox 134 2326 1185 2408; baseline -0.003 -15"><span class='ocrx_word' id='word_1_205' title='bbox 134 2326 203 2403; x_wconf 66' lang='lat' dir='ltr'>seui</span> <span class='ocrx_word' id='word_1_206' title='bbox 217 2330 249 2389; x_wconf 92' lang='lat' dir='ltr'>id</span> <span class='ocrx_word' id='word_1_207' title='bbox 263 2345 355 2404; x_wconf 84' lang='lat' dir='ltr'>agere</span> <span class='ocrx_word' id='word_1_208' title='bbox 369 2331 438 2391; x_wconf 90' lang='lat' dir='ltr'>ausi</span> <span class='ocrx_word' id='word_1_209' title='bbox 453 2341 523 2392; x_wconf 89' lang='lat' dir='ltr'>sunt</span> <span class='ocrx_word' id='word_1_210' title='bbox 537 2339 589 2392; x_wconf 86' lang='lat' dir='ltr'>aut</span> <span class='ocrx_word' id='word_1_211' title='bbox 603 2331 737 2406; x_wconf 88' lang='lat' dir='ltr'>cogitare</span> <span class='ocrx_word' id='word_1_212' title='bbox 752 2339 930 2407; x_wconf 88' lang='lat' dir='ltr'>potuerunt,</span> <span class='ocrx_word' id='word_1_213' title='bbox 948 2349 1009 2407; x_wconf 89' lang='lat' dir='ltr'>quo</span> <span class='ocrx_word' id='word_1_214' title='bbox 1024 2340 1116 2408; x_wconf 86' lang='lat' dir='ltr'>pacto</span> <span class='ocrx_word' id='word_1_215' title='bbox 1130 2333 1185 2391; x_wconf 93' lang='lat' dir='ltr'>ho-</span> 
     </span>
    </p>

    <p class='ocr_par' dir='ltr' id='par_1_9' title="bbox 147 2412 1271 2574">
     <span class='ocr_line' id='line_1_27' title="bbox 149 2412 1188 2489; baseline 0.002 -16"><span class='ocrx_word' id='word_1_216' title='bbox 149 2421 223 2485; x_wconf 82' lang='lat' dir='ltr'>stes,</span> <span class='ocrx_word' id='word_1_217' title='bbox 240 2412 373 2474; x_wconf 88' lang='lat' dir='ltr'>revulsis</span> <span class='ocrx_word' id='word_1_218' title='bbox 387 2413 537 2476; x_wconf 82' lang='lat' dir='ltr'>moiorum</span> <span class='ocrx_word' id='word_1_219' title='bbox 549 2414 711 2489; x_wconf 89' lang='lat' dir='ltr'>sepulcris,</span> <span class='ocrx_word' id='word_1_220' title='bbox 728 2415 856 2476; x_wconf 87' lang='lat' dir='ltr'>deiectis</span> <span class='ocrx_word' id='word_1_221' title='bbox 868 2415 1039 2488; x_wconf 88' lang='lat' dir='ltr'>moenibus,</span> <span class='ocrx_word' id='word_1_222' title='bbox 1057 2414 1188 2475; x_wconf 85' lang='lat' dir='ltr'>ovantes</span> 
     </span>
     <span class='ocr_line' id='line_1_28' title="bbox 147 2493 1271 2574; baseline 0.001 -19"><span class='ocrx_word' id='word_1_223' title='bbox 147 2493 297 2556; x_wconf 88' lang='lat' dir='ltr'>irruerent</span> <span class='ocrx_word' id='word_1_224' title='bbox 318 2496 348 2555; x_wconf 94' lang='lat' dir='ltr'>in</span> <span class='ocrx_word' id='word_1_225' title='bbox 370 2497 538 2570; x_wconf 87' lang='lat' dir='ltr'>civitatem;</span> <span class='ocrx_word' id='word_1_226' title='bbox 566 2515 627 2573; x_wconf 90' lang='lat' dir='ltr'>quo</span> <span class='ocrx_word' id='word_1_227' title='bbox 648 2499 741 2560; x_wconf 89' lang='lat' dir='ltr'>modo</span> <span class='ocrx_word' id='word_1_228' title='bbox 768 2499 858 2559; x_wconf 85' lang='lat' dir='ltr'>dedrn</span> <span class='ocrx_word' id='word_1_229' title='bbox 884 2497 1011 2574; x_wconf 83' lang='lat' dir='ltr'>templis</span> <span class='ocrx_word' id='word_1_230' title='bbox 1033 2496 1185 2573; x_wconf 88' lang='lat' dir='ltr'>spoliatis,</span> <span class='ocrx_word' id='word_1_231' title='bbox 1270 2568 1271 2571; x_wconf 8' lang='grc' dir='ltr'><strong>Ἴ</strong></span> 
     </span>
    </p>

    <p class='ocr_par' dir='ltr' id='par_1_10' title="bbox 148 2579 1271 2743">
     <span class='ocr_line' id='line_1_29' title="bbox 149 2579 1184 2657; baseline 0.002 -19"><span class='ocrx_word' id='word_1_232' title='bbox 149 2579 345 2653; x_wconf 83' lang='lat' dir='ltr'>optimatibus</span> <span class='ocrx_word' id='word_1_233' title='bbox 360 2582 527 2654; x_wconf 87' lang='lat' dir='ltr'>trucidatis,</span> <span class='ocrx_word' id='word_1_234' title='bbox 544 2583 612 2642; x_wconf 87' lang='lat' dir='ltr'>aliis</span> <span class='ocrx_word' id='word_1_235' title='bbox 627 2582 763 2657; x_wconf 88' lang='lat' dir='ltr'>abreptis</span> <span class='ocrx_word' id='word_1_236' title='bbox 778 2583 808 2641; x_wconf 95' lang='lat' dir='ltr'>in</span> <span class='ocrx_word' id='word_1_237' title='bbox 822 2580 1007 2657; x_wconf 85' lang='lat' dir='ltr'>servitutem,</span> <span class='ocrx_word' id='word_1_238' title='bbox 1023 2579 1184 2644; x_wconf 89' lang='lat' dir='ltr'>matribus·</span> 
     </span>
     <span class='ocr_line' id='line_1_30' title="bbox 148 2660 1271 2743; baseline 0.009 -24"><span class='ocrx_word' id='word_1_239' title='bbox 148 2661 278 2722; x_wconf 81' lang='lat' dir='ltr'>familias</span> <span class='ocrx_word' id='word_1_240' title='bbox 299 2672 330 2722; x_wconf 89' lang='lat' dir='ltr'>et</span> <span class='ocrx_word' id='word_1_241' title='bbox 350 2663 491 2738; x_wconf 87' lang='lat' dir='ltr'>ingenuis</span> <span class='ocrx_word' id='word_1_242' title='bbox 513 2667 571 2724; x_wconf 89' lang='lat' dir='ltr'>sub</span> <span class='ocrx_word' id='word_1_243' title='bbox 592 2665 734 2725; x_wconf 91' lang='lat' dir='ltr'>hostilem</span> <span class='ocrx_word' id='word_1_244' title='bbox 748 2665 906 2743; x_wconf 80' lang='lat' dir='ltr'>libidinem</span> <span class='ocrx_word' id='word_1_245' title='bbox 921 2660 1083 2737; x_wconf 77' lang='lat' dir='ltr'>subiectiS,</span> <span class='ocrx_word' id='word_1_246' title='bbox 1109 2664 1185 2724; x_wconf 90' lang='lat' dir='ltr'>urbs</span> <span class='ocrx_word' id='word_1_247' title='bbox 1270 2724 1271 2729; x_wconf 73' lang='grc'>,</span> 
     </span>
    </p>

    <p class='ocr_par' dir='ltr' id='par_1_11' title="bbox 147 2742 1185 2821">
     <span class='ocr_line' id='line_1_31' title="bbox 147 2742 1185 2821; baseline 0.002 -18"><span class='ocrx_word' id='word_1_248' title='bbox 147 2742 349 2805; x_wconf 90' lang='lat' dir='ltr'>acerbissimo</span> <span class='ocrx_word' id='word_1_249' title='bbox 371 2747 513 2807; x_wconf 87' lang='lat' dir='ltr'>concidat</span> <span class='ocrx_word' id='word_1_250' title='bbox 532 2747 674 2807; x_wconf 88' lang='lat' dir='ltr'>incendio</span> <span class='ocrx_word' id='word_1_251' title='bbox 696 2747 898 2821; x_wconf 57' lang='lat' dir='ltr'>conflagrem</span> <span class='ocrx_word' id='word_1_252' title='bbox 926 2748 979 2821; x_wconf 86' lang='lat' dir='ltr'>qui</span> <span class='ocrx_word' id='word_1_253' title='bbox 1000 2765 1037 2808; x_wconf 87' lang='lat' dir='ltr'>se</span> <span class='ocrx_word' id='word_1_254' title='bbox 1050 2764 1112 2806; x_wconf 90' lang='lat' dir='ltr'>non</span> <span class='ocrx_word' id='word_1_255' title='bbox 1127 2763 1185 2820; x_wconf 88' lang='lat' dir='ltr'>pu—</span> 
     </span>
    </p>

    <p class='ocr_par' dir='ltr' id='par_1_12' title="bbox 78 2826 1181 2904">
     <span class='ocr_line' id='line_1_32' title="bbox 78 2826 1181 2904; baseline 0 -18"><span class='ocrx_word' id='word_1_256' title='bbox 78 2850 80 2853; x_wconf 75' lang='lat'>¹</span> <span class='ocrx_word' id='word_1_257' title='bbox 147 2834 212 2886; x_wconf 85' lang='lat' dir='ltr'>tant</span> <span class='ocrx_word' id='word_1_258' title='bbox 225 2826 266 2897; x_wconf 88' lang='lat' dir='ltr'>id,</span> <span class='ocrx_word' id='word_1_259' title='bbox 283 2829 367 2899; x_wconf 92' lang='lat' dir='ltr'>quod</span> <span class='ocrx_word' id='word_1_260' title='bbox 380 2828 540 2901; x_wconf 73' lang='lat' dir='ltr'>voluerint,</span> <span class='ocrx_word' id='word_1_261' title='bbox 556 2831 596 2889; x_wconf 88' lang='lat' dir='ltr'>ad</span> <span class='ocrx_word' id='word_1_262' title='bbox 610 2828 724 2889; x_wconf 88' lang='lat' dir='ltr'>exitum</span> <span class='ocrx_word' id='word_1_263' title='bbox 739 2829 934 2904; x_wconf 83' lang='lat' dir='ltr'>perduxisse,</span> <span class='ocrx_word' id='word_1_264' title='bbox 951 2828 1010 2890; x_wconf 92' lang='lat' dir='ltr'>nisi</span> <span class='ocrx_word' id='word_1_265' title='bbox 1025 2827 1181 2889; x_wconf 87' lang='lat' dir='ltr'>sanctissi-</span> 
     </span>
    </p>

    <p class='ocr_par' dir='ltr' id='par_1_13' title="bbox 146 2905 1271 3068">
     <span class='ocr_line' id='line_1_33' title="bbox 147 2905 1184 2984; baseline 0.002 -16"><span class='ocrx_word' id='word_1_266' title='bbox 147 2923 217 2968; x_wconf 87' lang='lat' dir='ltr'>mae</span> <span class='ocrx_word' id='word_1_267' title='bbox 233 2905 349 2982; x_wconf 87' lang='lat' dir='ltr'>patriae</span> <span class='ocrx_word' id='word_1_268' title='bbox 363 2909 571 2970; x_wconf 85' lang='lat' dir='ltr'>miserandum</span> <span class='ocrx_word' id='word_1_269' title='bbox 586 2911 728 2970; x_wconf 84' lang='lat' dir='ltr'>scelerati</span> <span class='ocrx_word' id='word_1_270' title='bbox 741 2911 874 2970; x_wconf 89' lang='lat' dir='ltr'>viderint</span> <span class='ocrx_word' id='word_1_271' title='bbox 888 2910 1032 2971; x_wconf 83' lang='lat' dir='ltr'>cinerem.</span> <span class='ocrx_word' id='word_1_272' title='bbox 1054 2911 1184 2984; x_wconf 89' lang='lat' dir='ltr'>Nequeo</span> 
     </span>
     <span class='ocr_line' id='line_1_34' title="bbox 146 2990 1271 3068; baseline 0.003 -18"><span class='ocrx_word' id='word_1_273' title='bbox 146 2990 251 3052; x_wconf 88' lang='lat' dir='ltr'>verbis</span> <span class='ocrx_word' id='word_1_274' title='bbox 267 2990 432 3066; x_wconf 88' lang='lat' dir='ltr'>consequi,</span> <span class='ocrx_word' id='word_1_275' title='bbox 448 2991 582 3064; x_wconf 89' lang='lat' dir='ltr'>indices,</span> <span class='ocrx_word' id='word_1_276' title='bbox 599 2991 806 3066; x_wconf 85' lang='lat' dir='ltr'>indignitatem</span> <span class='ocrx_word' id='word_1_277' title='bbox 821 2991 880 3062; x_wconf 88' lang='lat' dir='ltr'>rei;</span> <span class='ocrx_word' id='word_1_278' title='bbox 909 2993 966 3052; x_wconf 90' lang='lat' dir='ltr'>sed</span> <span class='ocrx_word' id='word_1_279' title='bbox 980 2992 1182 3068; x_wconf 86' lang='lat' dir='ltr'>negligentius</span> <span class='ocrx_word' id='word_1_280' title='bbox 1270 3046 1271 3053; x_wconf 74' lang='grc'>,</span> 
     </span>
    </p>

    <p class='ocr_par' dir='ltr' id='par_1_14' title="bbox 146 3073 1271 3402">
     <span class='ocr_line' id='line_1_35' title="bbox 146 3073 1182 3149; baseline 0.002 -15"><span class='ocrx_word' id='word_1_281' title='bbox 146 3073 178 3134; x_wconf 92' lang='lat' dir='ltr'>id</span> <span class='ocrx_word' id='word_1_282' title='bbox 200 3076 282 3147; x_wconf 86' lang='lat' dir='ltr'>lero,</span> <span class='ocrx_word' id='word_1_283' title='bbox 309 3073 382 3149; x_wconf 86' lang='lat' dir='ltr'>quia</span> <span class='ocrx_word' id='word_1_284' title='bbox 405 3093 462 3139; x_wconf 91' lang='lat' dir='ltr'>vos</span> <span class='ocrx_word' id='word_1_285' title='bbox 475 3073 536 3135; x_wconf 92' lang='lat' dir='ltr'>mei</span> <span class='ocrx_word' id='word_1_286' title='bbox 549 3091 611 3135; x_wconf 92' lang='lat' dir='ltr'>non</span> <span class='ocrx_word' id='word_1_287' title='bbox 627 3074 734 3149; x_wconf 89' lang='lat' dir='ltr'>egetis.</span> <span class='ocrx_word' id='word_1_288' title='bbox 769 3076 881 3136; x_wconf 90' lang='lat' dir='ltr'>Vester</span> <span class='ocrx_word' id='word_1_289' title='bbox 896 3076 975 3136; x_wconf 88' lang='lat' dir='ltr'>enirn</span> <span class='ocrx_word' id='word_1_290' title='bbox 991 3093 1047 3138; x_wconf 92' lang='lat' dir='ltr'>vos</span> <span class='ocrx_word' id='word_1_291' title='bbox 1062 3076 1182 3138; x_wconf 88' lang='lat' dir='ltr'>animus</span> 
     </span>
     <span class='ocr_line' id='line_1_36' title="bbox 146 3156 1271 3235; baseline 0.002 -18"><span class='ocrx_word' id='word_1_292' title='bbox 146 3157 373 3220; x_wconf 87' lang='lat' dir='ltr'>amantissimus</span> <span class='ocrx_word' id='word_1_293' title='bbox 387 3158 434 3219; x_wconf 92' lang='lat' dir='ltr'>rei</span> <span class='ocrx_word' id='word_1_294' title='bbox 446 3156 590 3234; x_wconf 88' lang='lat' dir='ltr'>publicae</span> <span class='ocrx_word' id='word_1_295' title='bbox 604 3157 694 3219; x_wconf 82' lang='lat' dir='ltr'>facile</span> <span class='ocrx_word' id='word_1_296' title='bbox 706 3160 825 3232; x_wconf 88' lang='lat' dir='ltr'>edocet,</span> <span class='ocrx_word' id='word_1_297' title='bbox 841 3169 874 3220; x_wconf 88' lang='lat' dir='ltr'>ut</span> <span class='ocrx_word' id='word_1_298' title='bbox 885 3177 962 3235; x_wconf 88' lang='lat' dir='ltr'>eum,</span> <span class='ocrx_word' id='word_1_299' title='bbox 980 3160 1032 3235; x_wconf 84' lang='lat' dir='ltr'>qui</span> <span class='ocrx_word' id='word_1_300' title='bbox 1043 3162 1183 3221; x_wconf 80' lang='lat' dir='ltr'>sonoros</span> <span class='ocrx_word' id='word_1_301' title='bbox 1270 3202 1271 3205; x_wconf 63' lang='lat'>,</span> 
     </span>
     <span class='ocr_line' id='line_1_37' title="bbox 147 3238 1271 3321; baseline -0.001 -20"><span class='ocrx_word' id='word_1_302' title='bbox 147 3239 280 3303; x_wconf 88' lang='lat' dir='ltr'>omniurn</span> <span class='ocrx_word' id='word_1_303' title='bbox 305 3242 436 3303; x_wconf 88' lang='lat' dir='ltr'>voluerit</span> <span class='ocrx_word' id='word_1_304' title='bbox 458 3245 608 3318; x_wconf 88' lang='lat' dir='ltr'>prodere,</span> <span class='ocrx_word' id='word_1_305' title='bbox 640 3241 839 3321; x_wconf 87' lang='lat' dir='ltr'>praecipitem</span> <span class='ocrx_word' id='word_1_306' title='bbox 866 3242 1052 3319; x_wconf 88' lang='lat' dir='ltr'>proturbetis</span> <span class='ocrx_word' id='word_1_307' title='bbox 1080 3261 1119 3303; x_wconf 84' lang='lat' dir='ltr'>ex</span> <span class='ocrx_word' id='word_1_308' title='bbox 1145 3260 1182 3301; x_wconf 85' lang='lat' dir='ltr'>eo</span> <span class='ocrx_word' id='word_1_309' title='bbox 1270 3238 1271 3309; x_wconf 77' lang='lat' dir='ltr'>J</span> 
     </span>
     <span class='ocr_line' id='line_1_38' title="bbox 146 3323 1271 3402; baseline -0.004 -18"><span class='ocrx_word' id='word_1_310' title='bbox 146 3323 276 3398; x_wconf 89' lang='lat' dir='ltr'>civitate,</span> <span class='ocrx_word' id='word_1_311' title='bbox 293 3330 382 3400; x_wconf 81' lang='lat' dir='ltr'>quam</span> <span class='ocrx_word' id='word_1_312' title='bbox 397 3326 456 3388; x_wconf 89' lang='lat' dir='ltr'>iste</span> <span class='ocrx_word' id='word_1_313' title='bbox 467 3325 601 3389; x_wconf 89' lang='lat' dir='ltr'>hostium</span> <span class='ocrx_word' id='word_1_314' title='bbox 613 3326 883 3402; x_wconf 86' lang='lat' dir='ltr'>spurcissimorum</span> <span class='ocrx_word' id='word_1_315' title='bbox 896 3327 1052 3389; x_wconf 86' lang='lat' dir='ltr'>dominatu</span> <span class='ocrx_word' id='word_1_316' title='bbox 1063 3323 1183 3384; x_wconf 81' lang='lat' dir='ltr'>nefario</span> <span class='ocrx_word' id='word_1_317' title='bbox 1270 3356 1271 3359; x_wconf 59' lang='lat'><em>=</em></span> 
     </span>
    </p>

    <p class='ocr_par' dir='ltr' id='par_1_15' title="bbox 16 3410 399 3491">
     <span class='ocr_line' id='line_1_39' title="bbox 16 3410 399 3491; baseline 0.021 -27"><span class='ocrx_word' id='word_1_318' title='bbox 16 3452 25 3491; x_wconf 65' lang='grc'><em>,</em></span> <span class='ocrx_word' id='word_1_319' title='bbox 143 3410 241 3470; x_wconf 88' lang='lat' dir='ltr'>voluit</span> <span class='ocrx_word' id='word_1_320' title='bbox 257 3412 399 3473; x_wconf 87' lang='lat' dir='ltr'>obruere.</span> 
     </span>
    </p>
   </div>
   <div class='ocr_carea' id='block_1_3' title="bbox 0 0 1292 3892">
    <p class='ocr_par' dir='ltr' id='par_1_16' title="bbox 0 0 1292 3892">
     <span class='ocr_line' id='line_1_40' title="bbox 0 0 1292 3892; baseline 0 1"><span class='ocrx_word' id='word_1_321' title='bbox 0 0 1292 3892; x_wconf 95' lang='lat' dir='ltr'> </span> 
     </span>
    </p>
   </div>
  </div>
 </body>
</html>
