2575 3892
132 188 194 254 114
505 188 556 249 DE
572 187 803 247 lnntunxlonu
1142 199 1184 252 12
1262 222 1263 293 ι

130 340 246 412 miliae,
272 347 305 398 ιιι
325 338 364 401 ab
385 352 423 398 ea
444 352 563 411 poenas
579 335 666 396 liberi
681 335 729 396 sui
744 333 938 410 potissimum
953 342 1058 409 petere
1074 336 1178 397 debu·
1262 348 1263 389 ὲ

130 424 217 485 erint.
239 410 277 481 m
290 422 320 480 in
336 420 466 481 caeteris
482 419 606 495 quidem
618 417 887 480 constitutionibus
900 417 938 477 ad
950 417 1031 478 hunc
1045 418 1179 483 modum

129 505 333 567 iudicationes
348 504 553 578 reperientem
570 504 599 563 in
617 502 816 564 coniecturali
828 510 929 562 autem
940 502 1178 580 constitutione,

132 590 205 665 quia
224 589 302 650 ratio
316 605 377 649 non
394 597 443 648 est
471 622 513 634 -
529 590 641 648 iactum
657 587 737 649 enim
752 602 814 647 non
829 584 1009 645 conceditur
1026 621 1081 661 -,
1107 605 1175 648 nou

131 682 234 750 potest
248 689 287 733 cx
312 672 488 733 diductione
502 670 630 732 rationis
644 670 732 731 nasei
746 668 901 730 iudicatio.
925 668 1026 742 Quare
1037 686 1177 733 necesse

131 767 178 817 est
200 758 329 817 eandem
352 772 424 816 esse
440 754 653 830 quaestionem
668 763 698 815 et
712 752 945 815 iudicationem:
970 752 1097 814 Factum
1113 765 1175 817 est

132 843 198 901 Non
215 852 263 900 est
279 842 401 901 lactum.
423 839 589 900 Factumne
605 837 666 901 sit‘t
686 838 767 912 Quot
780 846 881 897 autem
896 836 926 896 in
943 852 1039 899 causa
1053 840 1171 899 consti-

130 925 263 985 tutiones
279 933 331 984 aut
345 940 450 984 earum
464 930 568 999 partes
584 931 688 995 erunt,
713 920 839 983 lotidem
854 936 987 981 necesse
1001 921 1059 981 erit
1075 938 1174 998 quae-

132 1009 259 1082 stiones,
274 1008 419 1082 rationes,
433 1005 647 1078 iudicationes,
662 1006 852 1066 firmamenta
865 1003 1002 1079 reperiri.

208 1092 263 1151 His
286 1092 428 1152 omnibus
448 1090 479 1150 in
501 1106 596 1151 causa
615 1089 762 1164 repertis,
788 1098 851 1151 tum
873 1088 1006 1164 denique
1028 1088 1172 1164 singulae

131 1184 235 1250 partes
251 1174 344 1235 totius
360 1191 474 1236 causae
490 1173 736 1234 considerandae
752 1184 832 1234 sunt.
864 1173 939 1233 Nam
953 1188 1018 1234 non
1030 1182 1064 1234 ut
1079 1174 1172 1249 quid-

131 1274 191 1333 que
212 1257 374 1317 dicendmn
390 1258 536 1333 primum,
562 1256 604 1317 ita
617 1257 748 1332 primum
762 1256 1067 1318 animadvertendum
1081 1257 1171 1317 vide-

128 1351 192 1410 tur,
209 1340 279 1400 ideo
296 1341 381 1415 quod
394 1340 455 1414 illa,
472 1356 551 1416 quae
565 1340 664 1416 prima
675 1340 826 1412 dicuntur,
842 1340 868 1401 si
882 1340 1074 1401 vehementer
1084 1342 1171 1402 velis
1262 1362 1263 1369 ¹

130 1436 299 1498 congruere
321 1432 351 1486 at
371 1423 538 1485 cohaerere
559 1440 629 1485 cum
651 1439 761 1499 causa,
787 1441 826 1485 ex
847 1424 895 1485 his
917 1425 1013 1486 ducas
1033 1431 1171 1500 oportet,

130 1524 209 1584 quae
229 1515 302 1583 post
316 1507 448 1586 dicenda
462 1517 542 1571 sunt.
579 1508 679 1583 Quare
695 1525 789 1585 quum
803 1508 949 1570 iudicatio
964 1517 994 1570 et
1008 1525 1059 1582 ea,
1086 1524 1171 1583 quae

128 1593 169 1651 ad
183 1591 400 1653 iudicationem
416 1600 538 1668 oportet
551 1600 731 1668 argumenta
745 1591 884 1666 inveniri,
900 1591 1061 1669 diligenter
1079 1601 1169 1653 erunt

128 1675 257 1736 artificio
273 1685 404 1752 reperta,
420 1692 494 1737 cura
507 1684 537 1737 et
552 1676 737 1752 cogitatione
748 1684 940 1753 pertractata,
956 1685 1018 1737 tum
1031 1676 1169 1754 denique

129 1758 317 1820 ordinandae
340 1770 412 1822 sunt
431 1769 572 1821 caeterae
592 1768 696 1836 partes
719 1760 876 1822 orationis.
911 1760 974 1820 Eae
989 1769 1094 1837 partes
1111 1777 1169 1821 sex

127 1858 199 1903 esse
222 1843 346 1904 omnino
368 1843 458 1907 nobis
473 1843 629 1905 videntur:
656 1843 833 1919 exordium,
859 1843 1009 1918 narratio,
1035 1844 1169 1920 partilio,

128 1925 328 2000 confirmatio,
340 1926 550 2003 reprehensio,
564 1926 733 1988 conclusio.
749 1928 835 1987 Nunc
848 1926 994 2001 quoniam
1006 1927 1168 1990 exordium

127 2006 275 2082 princeps
291 2008 384 2069 debet
399 2026 487 2082 esse,
502 2025 561 2070 nos
579 2025 706 2083 quoque
723 2008 853 2084 primum
868 2011 898 2070 in
913 2012 1061 2075 rationem
1074 2022 1171 2069 exor-
1261 2044 1262 2057 ι

127 2090 231 2150 diendi
247 2100 415 2164 praccepta
431 2093 582 2154 dabimus.

203 2175 269 2234 XV.
291 2174 341 2236 20.
363 2175 530 2236 Exordium
552 2185 601 2237 est
622 2175 719 2237 oratio
740 2176 874 2238 animum
889 2176 1039 2240 auditoris
1054 2176 1169 2239 idonce

127 2274 311 2333 comparans
326 2260 367 2320 ad
380 2259 532 2334 reliquam
546 2258 726 2333 dictionem;
743 2263 827 2338 quod
842 2262 972 2335 eveniet,
989 2261 1014 2322 si
1030 2278 1100 2322 eum
1111 2263 1171 2321 he-

126 2343 281 2419 ncrolum,
301 2351 457 2416 attentum,
473 2341 603 2405 docilem
619 2345 796 2406 coniecerit.
832 2345 933 2418 Quare
949 2344 1001 2420 qui
1015 2346 1094 2405 bene
1111 2362 1170 2404 ex-

127 2425 221 2486 ordiri
237 2443 362 2487 causam
377 2428 469 2500 volet,
492 2444 563 2487 eum
577 2442 709 2489 necesse
725 2437 773 2489 est
787 2444 886 2504 genus
900 2445 974 2490 suae
988 2441 1101 2487 causac
1116 2427 1169 2485 di-

125 2509 255 2583 ligenter
275 2519 346 2571 ante
367 2525 567 2584 cognoscere
603 2510 724 2571 Genera
745 2529 908 2574 causarum
921 2510 1055 2588 quinque
1072 2518 1168 2571 sunt
1260 2574 1261 2577 Ἴ

125 2592 288 2653 honestum
291 2591 501 2667 ,admirabile
515 2593 629 2654 humile
630 2611 779 2671 ,anceps
796 2597 969 2659 obscurum.
988 2592 1167 2654 Honestum

126 2688 240 2732 causae
255 2688 353 2769 genus
370 2680 428 2746 cst,
445 2673 495 2734 cui
509 2673 612 2737 statim
626 2674 693 2735 sinc
708 2677 847 2737 oratione
860 2683 967 2738 nostra
982 2674 1065 2733 lavel
1076 2670 1165 2731 audi-

123 2758 201 2818 toris
216 2757 353 2830 animus;
370 2756 557 2830 admirabile,
575 2775 668 2835 aquo
684 2767 733 2820 cst
721 2762 896 2821 talienatus
912 2760 1031 2820 animus
1045 2771 1165 2827 eorum,

126 2866 179 2925 qur
170 2844 325 2908 audituri
340 2852 425 2906 sunt·
418 2843 563 2919 ,humile
580 2843 664 2920 quod
673 2842 805 2920 negligit
793 2852 841 2904 tur
855 2843 894 2904 ab
905 2841 992 2904 audit
980 2848 1091 2903 toreet
1100 2855 1165 2901 non

124 2947 312 3026 magnopere
333 2929 551 2991 attendendum
571 2927 708 2999 videtum
734 2944 867 3003 anceps,
893 2925 924 2985 in
941 2942 1003 3002 quo
1020 2932 1071 2985 aul
1086 2920 1167 2984 iudi·

125 3015 204 3073 catio
226 3014 319 3074 dubia
340 3022 388 3074 est
376 3021 460 3073 taut
475 3028 569 3072 causa
584 3019 614 3071 el
627 3011 844 3073 honestatiset
857 3007 1055 3086 turpitudinis
1070 3005 1165 3082 parti-

126 3111 210 3168 (τοις,
232 3104 310 3157 utet
298 3095 570 3157 thenevolentiam
585 3094 685 3170 pariat
699 3103 728 3154 et
744 3093 963 3165 offensionem
987 3092 1165 3164 obscurum,

124 3174 155 3234 in
179 3195 239 3248 quo
260 3187 313 3238 aut
332 3180 411 3240 tardi
425 3178 582 3240 auditores
598 3187 670 3240 sunt
684 3186 736 3239 aut
751 3176 977 3239 difficilioribus
992 3176 1032 3236 ad
1049 3189 1167 3249 cognou

127 3260 275 3316 scendum
296 3263 428 3333 negotiis
451 3278 546 3323 causa
563 3269 611 3322 est
624 3262 787 3337 implicata.
824 3261 924 3336 Quare
941 3259 1164 3336 quoniamtam

127 3338 177 3393 dir
181 3353 250 3394 ersa
272 3349 342 3399 sunt
357 3358 470 3413 genera
485 3361 664 3417 causarum,
690 3344 826 3404 exordiri
842 3361 968 3419 quoque
983 3340 1099 3418 dispari
1114 3357 1168 3400 ra

128 3417 208 3474 tione
224 3416 252 3472 in
269 3435 330 3477 uno
347 3439 471 3494 quoque
486 3441 599 3497 genere
613 3443 745 3486 necesse
761 3438 816 3487 cst.
845 3426 902 3499 lgit
903 3443 939 3484 ur
891 3421 1140 3487 texordium
1132 3440 1165 3484 ιιι
