2575 3892
304 186 377 226 xi·
393 182 405 222 [
965 163 1349 216 PROOEMIUM
1384 165 1704 221 EDITORIS.

304 322 589 386 gnitifflndn
617 321 885 383 partitione
929 319 1094 384 prima
1131 321 1386 370 enunciati
1424 321 1577 370 verba
1609 336 1829 385 ponere,
1878 320 1935 371 id
1966 323 2103 384 quod
2138 326 2289 374 etiam
2324 328 2377 376 in

304 390 505 446 reliquis
545 389 741 438 duabus
777 388 966 438 factum
1003 396 1096 439 est.
1152 404 1195 441 c.
1229 387 1317 441 26.
1356 391 1407 450 5.
1442 386 1528 441 39.
1566 389 1703 439 libris
1742 391 1946 454 optimis
1983 400 2032 441 et
2057 392 2290 456 plurimis
2328 408 2377 444 et

304 458 545 506 Prisciani
581 458 867 506 testimonio
900 472 954 522 p.
984 453 1087 506 595
1123 456 1220 509 hoc
1256 458 1634 507 concedendum
1664 460 1866 523 putavi,
1918 465 1972 508 ut
2003 464 2253 511 mensurni
2281 479 2374 528 pro

300 530 537 574 frisiis-trist·
569 540 881 589 reponerem.
918 525 1046 574 Nam
1080 527 1278 575 etiamsi
1311 527 1409 574 ista
1433 526 1595 574 forma
1617 540 1718 574 non
1748 527 1932 592 legitur
1957 543 2089 577 nunc
2115 532 2214 580 nisi
2237 532 2378 596 apud

304 598 609 642 inanissimas
642 595 940 659 scriptoros,
985 602 1152 643 tamen
1185 595 1349 658 potuit
1384 595 1486 643 iam
1519 595 1725 656 antiquo
1763 602 1988 659 tempore
2023 599 2076 647 in
2111 600 2218 648 vita
2252 601 2375 650 coti-

304 666 450 710 diana
497 664 741 727 usurpari,
780 664 824 712 si
860 664 974 726 quis
1009 665 1173 727 magIs
1210 661 1497 726 analogiam
1532 670 1840 725 sequeretur.
1877 664 2049 715 Paullo
2080 674 2197 730 post
2230 683 2375 718 revo-

300 734 405 778 cari
461 734 505 778 {fs
553 732 838 794 fabularum
879 747 1124 781 numerum
1168 738 1479 792 reponantur
1512 745 1603 795 pro
1640 733 1690 780 in
1720 731 1766 794 f.
1805 747 2003 781 numero
2039 749 2170 797 rep„
2206 744 2263 784 ut
2301 743 2378 785 est

304 802 349 846 in
385 802 525 846 luvris·
601 801 824 850 fii-multis
851 801 952 849 scri
990 806 1096 849 tum
1131 807 1181 848 et
1216 799 1349 848 infra
1372 799 1559 865 legitur
1585 799 1621 862 Ι,
1658 798 1741 862 51,
1770 795 1856 849 97.
1893 815 1953 867 ac
1988 801 2051 850 de
2086 810 2193 854 nat.
2232 804 2374 858 deor.

304 870 377 930 111,
413 870 493 928 ΡΞ.
521 870 553 918 4
593 906 605 914 .
647 885 693 921 ο.
717 866 804 920 30.
830 871 880 930 5.
900 867 934 917 4
972 903 986 916 .
1014 884 1078 917 ex
1106 868 1246 916 libris
1273 868 1533 932 permultis
1568 875 1617 917 et
1641 868 1901 917 Victorino
1937 869 2118 933 scripsi
2152 877 2207 920 ut
2240 873 2390 921 locus.

304 942 353 982 in
385 942 509 986 snm-1·
545 946 635 986 stc.
685 952 803 986 nam
856 937 1007 987 verba
1041 938 1092 985 in
1126 938 1257 985 mari
1298 938 1360 985 ab
1407 937 1519 986 aliis
1568 937 1757 986 omissa
1790 937 1881 985 vix
1917 938 2148 987 videntur
2194 940 2373 989 abesse

302 1022 453 1070 pass-e
501 1010 648 1054 minin
696 1014 902 1071 propter
948 1006 1112 1070 ipsam
1158 1006 1475 1057 sententiam.
1535 1006 1587 1066 5.
1622 1004 1707 1060 50.
1747 1020 1812 1054 ex
1855 1004 1997 1055 libris
2043 1014 2237 1056 tantum
2273 1022 2374 1057 non

304 1078 533 1122 munitm
581 1075 785 1139 scripsi:
838 1075 1007 1136 Quare
1051 1081 1104 1125 et
1145 1074 1208 1124 de
1253 1088 1318 1123 ea
1360 1075 1761 1137 praescriptione
1804 1074 1946 1124 nobis
1980 1081 2032 1124 et
2062 1077 2113 1125 in
2142 1075 2234 1127 hoc
2266 1079 2373 1127 loco

304 1146 557 1190 dit-esnisia
593 1145 741 1192 uisum
775 1151 867 1195 est.
907 1144 1034 1192 Nam
1057 1150 1324 1205 utrumque
1348 1150 1396 1192 et
1428 1158 1516 1193 res
1539 1150 1587 1192 et
1611 1145 1747 1193 locus
1772 1141 1992 1194 effertur.
2031 1159 2076 1195 c.
2100 1140 2190 1198 36.
2210 1146 2260 1206 5.
2285 1141 2371 1196 62.

304 1214 465 1258 edidi:
509 1222 549 1258 μέ
589 1213 721 1274 :quod
752 1220 894 1263 stare
927 1215 1060 1262 inter
1093 1226 1256 1261 omnes
1290 1226 1491 1262 necesse
1525 1218 1626 1271 est,
1666 1226 1731 1260 ex
1768 1211 1912 1260 libris
1948 1213 2081 1260 notis
2118 1214 2370 1264 omnibns,

304 1282 409 1326 Nou
449 1282 581 1326 cuim
621 1281 785 1330 solum
821 1289 1054 1331 constare
1090 1281 1165 1329 sic
1201 1280 1383 1329 dicitur
1414 1295 1505 1346 pro
1532 1283 1724 1343 firmum
1749 1295 1877 1345 esse,
1909 1281 2003 1329 sed
2038 1282 2189 1331 etiam
2215 1290 2369 1334 stare.

300 1358 533 1398 {nussim-e
569 1356 737 1398 nutem
770 1350 869 1399 huc
904 1357 1139 1399 vocatum
1178 1357 1254 1397 est
1290 1363 1317 1397 e
1342 1350 1391 1410 5.
1417 1348 1502 1400 65.
1542 1349 1725 1399 Omitto
1764 1348 1881 1401 alia.
1920 1365 1962 1401 c.
1989 1347 2075 1400 40.
2101 1351 2151 1411 5.
2182 1348 2267 1403 73.
2293 1366 2372 1401 eo-

304 1418 409 1466 dem
441 1430 589 1478 grim-..fn
617 1433 709 1482 pro
746 1420 914 1469 eodem
943 1421 1083 1482 sacto
1114 1418 1297 1482 scripsi
1334 1433 1400 1467 ex
1432 1417 1575 1468 libris
1613 1418 1847 1468 omnibus
1883 1424 1932 1467 et
1958 1416 2062 1468 Cic.
2089 1427 2139 1469 et
2160 1420 2365 1478 Victor..

304 1498 349 1534 ut
401 1490 541 1546 fise-trs
593 1502 656 1536 cx
705 1502 872 1537 errore
906 1489 1127 1549 quodam
1163 1494 1327 1536 ortum
1364 1500 1476 1535 esse
1514 1487 1741 1536 videatur
1776 1485 2096 1536 librariorum
2131 1489 2364 1537 recentio-

304 1570 429 1602 rum,
473 1558 593 1602 'lum
617 1557 799 1621 scripsi
830 1558 878 1618 5.
906 1552 992 1607 74.
1024 1563 1113 1605 aut
1154 1570 1224 1604 ex
1257 1555 1657 1605 conductionibus
1692 1571 1755 1604 ex
1796 1556 2099 1619 optimorum
2133 1557 2373 1606 librorum

300 1626 521 1674 imin-iis.
585 1642 626 1674 c.
663 1633 832 1674 autem
866 1622 954 1677 41.
991 1627 1036 1688 5.
1077 1621 1162 1676 75.
1202 1638 1266 1672 ex
1308 1624 1447 1674 libris
1485 1633 1677 1672 tautum
1711 1637 1812 1673 non
1849 1625 2081 1673 omnibus
2105 1632 2249 1686 putet
2281 1639 2371 1689 pro

296 1702 485 1754 premnt,
529 1710 569 1746 τι,
601 1690 684 1744 42.
721 1695 772 1755 5.
802 1689 887 1746 79.
925 1702 1014 1743 aut
1045 1695 1094 1743 si
1124 1691 1489 1755 comprehensio
1524 1700 1614 1744 etc.
1652 1707 1745 1756 pro
1779 1699 1867 1740 aut
1899 1694 1948 1741 si
1978 1695 2251 1754 complexio
2280 1701 2371 1743 etc.

304 1778 377 1806 ιτς-,ι
417 1766 477 1810 ab
513 1762 651 1810 libris
691 1764 915 1827 optimis.
955 1760 1320 1826 comprehensio
1355 1761 1490 1809 enim
1525 1760 1630 1810 fere
1654 1761 1834 1810 eodem
1860 1762 2012 1810 modo
2038 1761 2235 1821 dicitur,
2274 1777 2372 1825 quo

304 1834 589 1890 &innanzi-fo.
631 1846 675 1880 c.
700 1829 784 1880 43.
821 1833 871 1892 5.
897 1827 985 1881 81.
1017 1845 1192 1880 omnes
1229 1830 1432 1878 omnino
1465 1829 1580 1878 libri
1616 1829 1826 1879 habent:
1858 1831 2015 1879 scisse
2038 1845 2159 1896 eum,
2197 1831 2259 1880 de
2282 1844 2374 1893 quo

304 1902 581 1962 :pum-itur,
621 1901 726 1949 eius
759 1902 848 1950 rei
881 1901 1032 1964 leqem
1067 1908 1118 1949 et
1151 1899 1573 1962 consuetudinem,
1611 1898 1749 1960 quod
1785 1897 2081 1947 mutandum
2114 1914 2213 1947 non
2250 1906 2373 1957 erat,

304 1974 417 2014 itte-J
461 1970 597 2030 quud
628 1982 781 2031 saepe
816 1983 1024 2017 numero
1059 1969 1133 2017 sic
1160 1982 1274 2017 cum
1310 1974 1485 2016 neutro
1523 1968 1840 2031 componitur
1873 1981 1936 2016 ea
1960 1981 2061 2017 res.
2097 1983 2147 2018 v.
2177 1967 2279 2017 Cic.
2306 1960 2367 2014 ad

308 2038 429 2086 Hm.
461 2038 517 2094 Η,
553 2034 628 2094 ΙἘ,
658 2033 738 2088 17.
775 2039 860 2100 qui
893 2051 956 2086 ea
988 2038 1131 2101 tollit,
1169 2052 1238 2086 ex
1259 2035 1436 2101 quibus
1471 2035 1621 2085 rebus
1641 2038 1855 2086 civitatis
1877 2035 2142 2097 amplitudo
2165 2041 2375 2087 constat.

308 2106 421 2150 Mna
533 2106 617 2154 -Η,
641 2107 690 2166 5.
714 2102 802 2155 82.
840 2120 906 2153 ex
931 2106 1164 2155 omnibus
1201 2120 1365 2170 paene
1391 2105 1529 2154 libris
1564 2113 1817 2170 receptum
1844 2111 1921 2153 est
1944 2104 2377 2153 demonstrabimus

304 2190 393 2238 pm
433 2173 858 2239 :fe-samnstrabicur,
897 2181 1004 2223 tum
1041 2190 1085 2224 c.
1109 2171 1197 2228 45.
1233 2176 1280 2235 5.
1307 2169 1395 2223 83.
1436 2188 1586 2237 neges
1620 2188 1713 2238 pro
1748 2180 1907 2237 neyet.
1949 2187 1990 2222 c.
2018 2169 2105 2222 46.
2142 2174 2191 2234 5.
2214 2169 2302 2223 86.
2332 2172 2379 2220 si

304 2242 409 2302 sinn,
449 2242 577 2306 fissum?
609 2245 831 2308 sequitur
864 2257 955 2308 pro
989 2244 1037 2292 si
1070 2243 1139 2307 id,
1177 2258 1226 2306 q.
1264 2258 1310 2293 s.
1362 2257 1407 2289 c.
1446 2239 1531 2290 47.
1568 2243 1617 2303 5.
1652 2238 1740 2293 87.
1780 2243 2065 2303 conficietur
2097 2256 2189 2306 pro
2227 2241 2378 2303 confi-

304 2314 449 2362 cnm:
505 2330 549 2362 c.
585 2311 671 2362 51.
711 2314 761 2373 5.
796 2306 884 2364 97.
920 2311 1077 2362 Nobis
1111 2319 1272 2360 autem
1305 2325 1402 2360 non
1434 2313 1627 2377 placuit
1656 2310 1786 2359 hanc
1816 2318 2013 2370 partem
2044 2313 2097 2359 in
2132 2325 2378 2359 numerum

303 2381 481 2442 reponi
513 2387 607 2432 etc.
643 2395 734 2444 pro
771 2380 927 2430 Nobis
963 2388 1122 2430 autem
1142 2394 1240 2428 non
1269 2381 1455 2442 placet,
1488 2379 1537 2430 Ῐι.
1557 2393 1614 2440 p.
1640 2380 1691 2426 in
1718 2393 1916 2427 numero
1938 2380 2130 2439 reponi.
2167 2395 2218 2428 v.
2248 2392 2378 2441 quae

304 2448 411 2497 dixi
446 2449 513 2498 ad
545 2464 587 2497 c.
615 2447 702 2500 26.
733 2450 782 2509 5.
808 2445 897 2501 39.
935 2463 979 2501 c.
1005 2449 1092 2502 53.
1116 2450 1165 2509 5.
1195 2447 1311 2498 101.
1339 2449 1543 2511 scripsi:
1582 2448 1876 2511 ostenditur,
1906 2453 1997 2496 aut
2014 2447 2087 2496 ad
2106 2462 2269 2497 onmes
2292 2454 2381 2495 aut

303 2516 377 2566 ad
404 2519 635 2567 maiorem
661 2525 876 2582 partem,
915 2518 1050 2581 quod
1081 2518 1435 2566 atrocissimum
1466 2523 1558 2579 est,
1583 2531 1650 2565 an
1685 2516 1757 2564 ad
1784 2516 2072 2576 superiores
2093 2524 2185 2568 ete.
2215 2523 2268 2564 ut
2292 2522 2382 2564 aut

301 2599 395 2651 pro
433 2602 499 2634 an
535 2592 651 2635 ante
685 2586 842 2636 verba
877 2587 950 2635 ad
980 2601 1144 2636 omnes
1179 2598 1473 2650 reponerem
1510 2600 1575 2633 ex
1608 2584 1751 2634 libris
1787 2585 2011 2649 optimis.
2047 2583 2133 2634 Sic
2160 2588 2291 2634 inter
2322 2598 2379 2631 se

302 2654 609 2718 respondent
643 2655 864 2719 primum
898 2660 987 2703 aut
1016 2655 1090 2703 ad
1119 2668 1281 2702 omnes
1317 2659 1408 2702 aut
1438 2653 1511 2701 ad
1540 2669 1599 2701 m.
1627 2667 1687 2715 p.
1729 2668 1774 2704 v,
1800 2653 1861 2705 F.
1888 2653 1955 2705 Α.
1994 2654 2151 2716 Wolf.
2181 2652 2254 2701 ad
2272 2652 2375 2701 Cic.

303 2722 412 2774 Inv.
449 2724 486 2782 I,
518 2722 563 2783 l,
593 2722 665 2786 1.‚
701 2731 809 2772 tum
844 2729 1040 2773 autem:
1092 2729 1181 2771 aut
1225 2722 1299 2770 ad
1339 2736 1501 2771 omnes
1538 2729 1627 2771 aut
1658 2723 1731 2772 ad
1761 2722 1993 2773 maiorem
2017 2729 2218 2784 partem
2264 2735 2380 2768 cum

303 2791 384 2841 his
421 2808 486 2841 an
520 2794 593 2842 ad
612 2795 916 2855 superiores,
951 2799 1007 2841 ut
1030 2791 1172 2855 prius
1196 2791 1603 2854 interrogationis
1631 2793 1912 2845 membrum
1940 2788 2381 2855 careat-particula

305 2862 683 2926 interrogativa.
723 2878 767 2911 c.
795 2861 881 2911 54.
910 2862 958 2922 5.
988 2857 1105 2911 104.
1132 2859 1314 2925 scripsi
1353 2873 1468 2908 cum
1499 2859 1672 2910 libris:
1711 2877 1840 2926 quae
1867 2867 2091 2910 constant
2123 2873 2233 2909 esse
2261 2871 2380 2918 pec-

304 2937 440 2980 cata.
511 2931 595 2979 Sic
642 2933 779 2980 enim
816 2931 989 2980 Cicero
1024 2929 1326 2993 aliquotiens
1362 2936 1440 2978 est
1470 2928 1694 2993 locutus,
1733 2946 1783 2982 v.
1826 2930 1924 2980 Cic.
1958 2941 2057 2988 pro
2082 2925 2149 2975 Α.
2186 2925 2376 2974 Cluent.

307 3012 350 3048 c.
375 2993 462 3047 37.
490 2999 538 3057 5.
569 2996 686 3048 104.
727 3015 852 3062 quae
883 2999 1201 3061 praeiudicia
1235 2999 1299 3047 de
1334 3012 1393 3048 eo
1421 2999 1569 3061 facta
1600 3013 1712 3047 esse
1746 3001 2043 3049 constarent,
2082 2999 2131 3040 et
2155 2991 2217 3040 de
2238 2990 2379 3040 domo

307 3081 400 3116 sua
435 3080 480 3114 c.
508 3063 594 3117 54.
620 3068 667 3127 5.
702 3063 820 3118 139.
848 3081 976 3132 quae
1009 3069 1056 3116 si
1087 3069 1247 3117 omnia
1268 3089 1340 3102 —·
1362 3071 1478 3116 acta
1512 3079 1623 3114 esse
1657 3071 1959 3120 constarent,
1997 3062 2059 3110 de
2086 3059 2269 3122 quibus
2302 3057 2381 3108 lo·

303 3135 381 3183 cis
415 3148 515 3183 non
553 3135 676 3183 satis
713 3141 845 3184 recte
882 3135 1191 3185 existimavit
1226 3134 1452 3196 Madvig.
1489 3133 1558 3182 ad
1592 3131 1689 3181 Cic.
1726 3132 1789 3180 de
1814 3133 1907 3193 fin.
1942 3144 1997 3195 p.
2033 3124 2182 3179 386.-

444 3203 554 3254 Lib.
580 3203 645 3252 II.
672 3218 714 3255 c.
743 3205 790 3256 1.
814 3206 864 3267 5.
890 3202 943 3255 3.
978 3204 1183 3267 reposui
1219 3218 1285 3252 ex
1322 3201 1524 3266 optimis
1559 3197 1702 3249 libris
1734 3214 1831 3249 uno
1865 3215 1921 3250 sc
1954 3201 2007 3249 in
2041 3211 2253 3260 corpore
2284 3211 2379 3261 pro

305 3272 356 3321 in
386 3285 603 3334 corpore
632 3286 728 3322 uno
760 3288 815 3323 se
851 3279 900 3323 et
934 3288 975 3321 c.
1001 3269 1052 3322 2.
1077 3273 1126 3332 5.
1155 3271 1206 3322 5.
1243 3274 1296 3320 in
1326 3285 1416 3321 suo
1434 3285 1622 3334 genere
1657 3283 1748 3334 pro
1771 3283 1862 3319 suo
1895 3271 1947 3318 in
1976 3283 2163 3333 genere
2199 3274 2248 3316 et
2279 3265 2380 3315 alia

307 3339 467 3389 multa
491 3340 756 3405 eiusmodi,
795 3342 858 3390 de
883 3340 1068 3403 quibus
1090 3339 1217 3388 nihil
1241 3340 1391 3391 dico:
1414 3353 1458 3387 c.
1487 3336 1539 3390 4.
1567 3339 1615 3400 5.
1647 3338 1730 3391 15.
1769 3338 2088 3402 interpunxi:
2125 3336 2380 3400 consequi-

306 3416 390 3457 tur
433 3411 483 3458 in
527 3410 722 3460 itinere.
782 3408 1034 3458 Hominem
1077 3407 1445 3470 comprehendit
1488 3413 1580 3458 etc.
1628 3421 1720 3472 pro
1771 3406 2002 3472 volgato:
2044 3407 2378 3472 consequitur.
