2575 3892
124 216 159 270 03
400 204 517 263 LIBER
531 204 567 260 ΙΙ.
591 201 674 260 CAP.
688 209 714 262 3.
736 206 762 268 S·
777 208 882 261 5-11.
1101 199 1161 265 155

122 364 239 424 crates;
257 354 344 414 cuius
355 350 455 427 ipsius
468 365 560 424 quarn
571 357 692 410 constet
704 365 775 409 esse
786 356 890 423 artem,
904 368 965 412 non
976 350 1160 414 invenimus.

120 432 157 500 t:
172 435 399 515 Discipulorum
419 440 521 494 autem
541 439 634 508 atque
655 446 776 504 eorum,
803 431 856 508 qui
877 432 1016 507 protinus
1037 436 1076 495 ab
1103 436 1160 499 lrac

122 528 195 583 sunt
208 517 373 594 disciplina
386 515 534 591 protecti,
556 516 651 576 multa
666 515 705 573 de
719 522 784 576 arte
798 524 966 592 praecepta
978 519 1158 593 reperimus.

120 604 171 664 Ill.
193 603 241 662 Ex
261 601 310 663 his
331 600 451 661 duabus
473 596 606 659 diversis
631 596 723 660 sicuti
747 597 883 671 familiis,
912 616 1042 675 quarum
1065 605 1159 663 altera

122 703 217 763 quum
230 691 406 746 versaretur
420 681 451 743 in
465 679 680 756 philosophia,
706 683 884 742 nonnullam
897 682 1068 744 rhetoricae
1084 703 1159 759 quo-

121 786 184 844 que
198 767 272 830 artis
288 766 348 827 sibi
362 783 466 828 curam
480 765 671 839 adsumebat,
685 767 781 826 altera
796 781 870 826 vero
883 765 983 827 omnis
992 764 1026 829 in
1037 765 1160 828 dicendi

120 858 186 914 erat
207 850 310 912 studio
331 857 362 912 et
381 847 603 926 praeceptione
624 857 790 925 occupata,
817 866 912 912 unum
935 850 1092 927 quoddam
1113 861 1161 913 est

119 934 289 997 cannatum
307 950 406 1009 genus
427 950 446 992 a
460 931 701 1009 posterioribus,
727 931 779 1008 qui
794 934 833 994 ab
847 932 987 1011 utrisque
1001 950 1054 1008 ea,
1080 951 1160 1010 quae

14 999 16 1086 ζ
119 1018 283 1080 commode
304 1016 366 1079 dici
385 1015 585 1090 videbantur,
610 1015 642 1076 in
657 1033 731 1079 suas
746 1026 828 1078 artes
843 1019 1052 1090 contulerunt;
1080 1035 1160 1095 quos

120 1100 209 1177 ipsos
230 1099 321 1162 simul
335 1109 429 1178 etque
443 1099 513 1161 illos
528 1099 707 1175 superiores
725 1114 783 1161 nos
798 1100 889 1162 nobis
904 1118 1028 1175 omnes,
1056 1102 1161 1177 quoad

120 1185 251 1246 facultas
269 1181 351 1257 tulit,
377 1181 598 1260 proposuimus
614 1193 699 1245 etex
712 1193 818 1246 nostro
836 1202 961 1261 quoque
976 1184 1113 1248 nonnihil
1128 1183 1160 1245 in

120 1284 281 1331 commune
296 1266 491 1331 contulimus.
517 1266 548 1327 9.
563 1265 681 1341 Quodsi
695 1284 741 1341 ea,
758 1267 883 1348 quaein
898 1269 946 1330 his
961 1268 1046 1331 libris
1062 1285 1154 1345 expo

120 1360 245 1426 nuntur,
270 1357 355 1413 tanto
376 1367 473 1427 opere
492 1349 635 1426 eligenda
650 1351 787 1428 luerunt,
812 1362 926 1430 quanto
943 1352 1045 1415 studio
1061 1356 1159 1415 electa

120 1444 200 1508 sunt,
215 1436 531 1511 prolectonequenos
547 1451 650 1510 neque
663 1434 742 1497 alios
758 1435 927 1498 industriae
942 1444 1067 1499 nostrae
1083 1453 1158 1512 poe-

119 1516 236 1578 nitebit.
277 1517 332 1577 Sin
352 1525 455 1580 autem
473 1525 590 1577 temere
610 1516 727 1592 aliquid
747 1517 877 1580 alicuius
899 1519 1086 1594 praeterisse
1108 1527 1159 1580 aut

120 1617 182 1661 non
204 1597 280 1660 satis
302 1600 459 1673 eleganter
471 1598 571 1661 secuti
588 1598 773 1673 videbimur,
798 1601 882 1663 docti
895 1602 934 1662 ab
949 1601 1052 1679 aliquo
1070 1602 1158 1662 lacile

120 1691 152 1744 et
164 1682 294 1747 libenter
308 1680 562 1743 commutabimus
577 1680 769 1743 sententiam·
805 1685 873 1747 Non
888 1684 968 1747 enim
982 1701 1092 1761 parum
1107 1702 1158 1747 co·

120 1781 245 1842 grosse,
261 1766 319 1829 sed
332 1764 363 1826 in
374 1782 483 1843 parum
492 1764 616 1841 cognito
628 1767 719 1828 strdte
730 1773 761 1827 et
772 1765 825 1829 diu
835 1784 1057 1846 perseverasse
1069 1777 1158 1844 turpe

120 1856 183 1925 est,
208 1852 376 1928 propterea
397 1851 481 1927 quod
501 1851 630 1910 alterum
644 1851 798 1913 communi
811 1851 969 1914 hominum
984 1850 1157 1924 infirmitati,

120 1933 252 1993 alterum
266 1931 416 2007 singulari
432 1932 585 2009 cuiusque
598 1932 677 1994 vitio
692 1941 740 1995 est
753 1933 942 1997 attributum.
990 1930 1039 1991 10.
1063 1933 1164 2007 Quare

121 2032 179 2077 nos
203 2014 328 2091 quidem
350 2014 418 2077 sine
440 2019 500 2078 ulla
521 2016 733 2080 adfirmatione
757 2017 849 2079 simul
869 2023 1053 2094 quaerentes
1077 2015 1163 2076 dubi·

120 2105 221 2160 tanter
235 2100 484 2183 unum-quidque
497 2101 653 2174 dicamne,
673 2118 727 2175 ne,
750 2104 823 2164 dum
836 2104 999 2179 parvulum
1016 2100 1074 2161 hoc
1091 2117 1163 2161 oon-

120 2198 304 2258 sequamur,
323 2190 357 2243 ut
377 2184 452 2244 satis
474 2185 551 2246 haec
571 2187 735 2248 commode
756 2185 979 2263 perscripsisse
993 2182 1162 2254 videamur,
1198 2208 1202 2213 ·

107 2266 200 2330 illud
220 2267 410 2342 amittamus,
437 2266 523 2344 quod
542 2267 709 2329 maximum
722 2274 791 2347 est,
816 2276 851 2331 ut
870 2285 910 2331 ne
925 2269 974 2331 cui
988 2269 1034 2329 rei
1048 2278 1163 2330 temere

121 2360 217 2429 atque
240 2352 427 2429 adroganter
439 2350 681 2414 adsenserimus.
715 2353 831 2414 Verum
845 2352 905 2415 hoc
921 2353 1046 2429 quidem
1061 2369 1118 2413 nos
1134 2358 1164 2412 et

120 2435 153 2495 in
167 2436 228 2497 hoc
243 2445 383 2512 tempore
396 2443 428 2497 et
442 2434 473 2496 in
485 2436 568 2496 omni
579 2435 642 2497 vita
653 2435 802 2511 studiose,
819 2438 923 2512 quoad
935 2438 1063 2507 facultas
1077 2438 1163 2508 leret,

121 2535 357 2596 consequemur.
399 2520 487 2580 Nunc
512 2528 628 2594 autem,
660 2536 700 2580 ne
724 2520 847 2596 longius
872 2519 969 2582 oratio
995 2534 1164 2597 progresso

121 2601 276 2674 videatur,
309 2604 349 2665 de
380 2602 524 2678 reliquis,
554 2619 636 2679 quae
667 2602 888 2679 praecipienda
911 2603 1055 2665 videntur
1079 2619 1162 2674 esse,

122 2683 271 2746 dicemus.
582 2724 583 2729 κ

202 2767 253 2828 11.
272 2766 367 2841 Igitur
386 2765 504 2844 primus
525 2769 616 2842 liber,
643 2767 786 2844 exposito
808 2784 922 2844 genere
936 2766 1027 2830 huius
1043 2766 1117 2827 ortis
1133 2777 1163 2828 et

123 2847 229 2911 officio
245 2858 276 2910 et
290 2851 350 2910 line
366 2859 397 2911 et
409 2851 536 2911 materia
550 2859 581 2912 et
595 2852 743 2928 partibus,
758 2854 873 2927 genero
883 2849 1163 2914 controversiarum

122 2940 155 2993 et
175 2930 370 2994 inventiones
392 2941 422 2994 et
443 2935 676 2996 constitutiones
699 2944 730 2996 et
750 2933 954 2998 iudicationes
976 2932 1160 3005 continebat,

122 3014 237 3076 deinde
257 3022 361 3093 partes
384 3014 532 3078 orationis
552 3017 634 3078 etin
656 3034 710 3079 eas
733 3036 841 3081 omnes
863 3017 965 3080 omnia
985 3025 1161 3094 praecepta.

122 3098 223 3173 Quare
245 3115 340 3176 quum
360 3098 391 3161 in
414 3116 452 3162 eo
473 3101 603 3163 caeteris
624 3103 664 3161 de
684 3103 778 3165 rebus
794 3101 968 3164 distinctius
984 3100 1161 3177 dictumst,

122 3181 265 3258 disperse
278 3190 381 3245 autem
395 3183 434 3245 de
450 3184 682 3247 confirmatione
696 3193 727 3247 et
741 3187 781 3247 de
794 3184 1053 3283 reprehensione,
1081 3201 1162 3246 nunc

122 3272 225 3327 certos
247 3266 449 3329 confirmandi
469 3276 501 3330 et
522 3268 771 3344 reprehendendi
795 3269 827 3329 in
853 3268 974 3346 singula
999 3263 1162 3330 causarum

120 3363 236 3423 genera
249 3349 337 3412 locos
352 3351 518 3414 trudendos
533 3350 723 3413 arbitramur.
740 3414 743 3417 ,
757 3352 798 3411 Et
810 3351 898 3427 quia,
920 3369 981 3428 quo
997 3360 1087 3426 pacto
1104 3358 1162 3437 tra-

121 3429 198 3491 ctari
218 3432 396 3495 conveniret
411 3434 707 3509 argumentationes,
731 3432 763 3493 in
778 3433 855 3496 libro
871 3433 969 3511 primo
986 3449 1047 3492 non
1062 3426 1162 3488 indm·
