2575 3892
455 209 512 270 AD
534 212 566 270 C.
587 210 817 271 HERENNIUM

209 362 214 372 '
273 344 275 346 ’
333 306 420 462 n.
452 375 610 460 turin
636 374 891 472 crunnons
1004 437 1007 442 ,

450 506 811 578 nnuuonloonnn

611 641 652 686 Ab

218 889 220 894 .
324 757 947 880 anemurium

427 883 563 998 niune
591 907 838 975 sneunuus.

176 1047 200 1106 1.
216 1047 293 1113 1.1n
308 1045 408 1120 primo
422 1045 511 1119 libro,
526 1046 671 1119 Herenni,
685 1045 822 1106 breviter
837 1043 1054 1121 exposuimus,
1074 1062 1153 1120 quas

119 1147 231 1191 causas
247 1129 388 1204 recipere
399 1138 554 1192 oratorem
567 1137 727 1206 oporteret
738 1139 768 1191 et
784 1130 815 1189 in
831 1130 943 1205 quibus
954 1128 1094 1204 partibus
1106 1146 1154 1188 ar-

119 1214 158 1275 tis
181 1214 342 1274 elaborare
362 1216 545 1276 conveniret
566 1224 597 1275 et
617 1230 655 1274 ea
671 1214 774 1274 officia
792 1229 854 1289 qua
875 1213 996 1274 ratione
1011 1212 1155 1279 facillime

120 1297 270 1373 consequi
276 1304 397 1371 posset.
410 1299 535 1370 Verum,
544 1298 629 1373 quod
640 1314 744 1373 neque
754 1298 793 1358 de
807 1296 949 1360 omnibus
963 1298 1056 1359 rebus
1063 1298 1154 1357 simul

120 1382 180 1441 dici
202 1387 325 1456 poterat
346 1389 376 1442 et
395 1381 436 1441 de
454 1382 596 1442 maximis
616 1383 711 1441 rebus
731 1380 862 1456 primum
877 1379 1073 1443 scribendum
1088 1380 1153 1452 iuit,

120 1479 183 1542 quo
192 1474 315 1525 caetera
327 1463 381 1524 tibi
388 1463 526 1525 faciliore
535 1465 661 1541 cognitu
668 1466 848 1527 viderentur
848 1465 1155 1541 ,itanobispiacitum

120 1557 175 1623 est,
190 1557 225 1609 ut
241 1566 286 1621 ea,
303 1564 383 1623 quae
398 1547 576 1612 difficillima
592 1558 706 1622 essent,
726 1550 922 1625 potissimum
938 1550 1154 1611 scriberemus.

183 1635 350 1694 Causarum
366 1632 424 1692 tria
434 1649 578 1775 lgenera
569 1642 657 1694 sunt:
669 1635 966 1718 demonstrativum,
982 1632 1155 1694 deliberati-

121 1735 203 1790 vum,
214 1713 373 1777 iuditiaie
376 1713 436 1776 iViu
449 1721 542 1778 to
497 1719 527 1777 dr
530 1705 710 1779 fic'ssrmum
724 1718 868 1784 1ud1craie
881 1727 944 1780 est
936 1733 1035 1800 ergo
1051 1715 1082 1776 id
1094 1734 1155 1792 pn
1180 1723 1193 1788 t
1282 1701 1283 1742 ³

36 1805 40 1812 '
119 1820 201 1864 mum
217 1793 416 1862 absolvemus
432 1801 547 1863 hoc
505 1809 547 1875 [e
558 1799 675 1878 priore]
689 1803 778 1866 libro
806 1805 852 1865 De
869 1805 1007 1880 quinque
1023 1799 1155 1862 oratoris
1177 1797 1202 1820 ²⁴
1282 1797 1283 1854 i

119 1886 230 1945 officiis
243 1884 378 1944 inventio
392 1892 424 1945 et
434 1883 534 1960 prima
549 1895 579 1947 et
592 1887 772 1946 difficillima
788 1896 842 1947 est
863 1890 908 1946 Ea
924 1902 1051 1961 quoque
1066 1884 1155 1946 nobis

119 1969 177 2029 erit
192 1969 252 2028 hoc
266 1969 345 2028 libro
366 1971 592 2043 propemodum
608 1970 772 2039 absolute:
798 1985 926 2043 parvam
945 1976 1068 2046 partem¹
1089 1968 1156 2030 eius
1281 1945 1283 1956 ¹

117 2053 284 2113 intertium
300 2054 446 2112 volumen
457 2056 691 2114 transferemus.
715 2052 745 2112 2.
761 2053 807 2112 De
819 2069 876 2113 sex
887 2050 1027 2128 partibus
1043 2053 1156 2112 oratio·
1179 2067 1209 2132 ty
1230 2075 1232 2078 ’

117 2137 165 2198 nis
181 2136 313 2212 primum
325 2136 462 2197 scribere
477 2137 665 2216 incepimus:
683 2137 714 2196 in
729 2136 828 2213 primo
842 2137 920 2197 libro
936 2134 1032 2197 locuti
1048 2142 1163 2196 sumtis·
1180 2167 1186 2178 ν
1215 2149 1240 2160 ··
1282 2129 1283 2182 ἶ

118 2222 158 2281 de
170 2220 308 2293 exordio,
325 2219 511 2295 narratione,
524 2221 687 2294 divisione,
704 2235 767 2282 nec
777 2222 919 2297 pluribus
934 2220 1049 2294 verbis,
1062 2237 1154 2296 quam

118 2303 250 2366 necesse
265 2304 335 2376 fuit,
353 2322 411 2367 nec
428 2307 530 2368 minus
542 2307 691 2378 dilucide,
709 2324 800 2381 quem
817 2315 849 2367 te
864 2310 944 2367 veile
960 2304 1155 2370 existimaba-

117 2406 195 2452 mus.
221 2388 340 2450 Deinde
355 2391 521 2451 coniuncte
536 2392 576 2450 de
591 2388 827 2450 confirmatione
843 2400 874 2450 et
889 2390 1100 2451 confutatione
1112 2389 1155 2447 di·
1199 2449 1201 2452 ,

118 2469 249 2534 cenduun
264 2473 330 2533 fuit.
364 2474 465 2547 Quare
480 2488 598 2548 genera
612 2471 866 2533 constitutionum
883 2482 915 2535 et
926 2491 1031 2534 earum
1049 2479 1155 2549 partes

118 2557 312 2631 aperuimus;
335 2571 374 2614 ex
390 2573 452 2631 quo
469 2556 559 2616 simul
576 2555 812 2629 ostendebatur,
830 2557 988 2630 quomodo
1005 2556 1156 2617 constitu-v

117 2641 231 2701 tionem
248 2647 279 2699 et
291 2645 411 2713 partem
427 2637 658 2699 constitutionis
674 2655 770 2698 causa
789 2638 893 2715 posita
914 2640 1044 2713 reperiri
1063 2655 1156 2714 opor-

116 2731 205 2786 teret.
221 2722 339 2785 Deinde
356 2722 528 2794 docuimus,
544 2721 762 2784 iudicationem
775 2723 1035 2798 quemadmodum
1048 2723 1157 2797 quaeri

118 2808 316 2882 conveniret3
339 2822 408 2884 ,qua
428 2806 554 2867 iuventa
575 2807 767 2879 curandum,
782 2814 817 2869 ut
838 2806 938 2867 omnis
959 2807 1037 2867 ratio
1061 2807 1158 2868 totius

118 2893 265 2957 orationis
282 2891 322 2953 ad
338 2908 405 2952 eam
423 2893 609 2953 conseratur.
634 2892 749 2953 Postea
763 2891 979 2954 admonuimus
996 2906 1069 2951 esse
1083 2907 1157 2950 cau-

118 2993 170 3038 ses
187 2981 372 3052 complures,
384 2976 415 3037 in
432 2980 627 3052 quasplures
639 2976 880 3038 constitutiones
896 2985 949 3036 aut
962 2982 1067 3051 partes
1081 2989 1156 3033 con-

119 3059 310 3121 stitutionum
325 3058 646 3123 accommodarentur.
671 3063 708 3120 ll.
721 3062 886 3137 Reliquum
899 3060 1062 3121 videbatur
1073 3074 1155 3131 essa

117 3150 152 3202 ut
178 3144 430 3217 ostenderemus,
456 3160 536 3222 quae
550 3144 629 3205 'ratio
644 3152 757 3219 posset
781 3144 977 3204 inventiones
1003 3144 1157 3204 adunam

119 3240 276 3301 quamque
297 3228 548 3289 constitutionem
569 3236 623 3289 aut
642 3234 763 3302 partem
786 3228 1017 3289 constitutionis
1037 3244 1156 3290 accom-

119 3309 256 3372 modare.
282 3311 321 3369 Et
335 3312 407 3371 item
424 3314 534 3387 quales
549 3312 842 3387 argumentationes
860 3319 938 3386 quas
955 3312 1065 3373 Graeci
1082 3310 1157 3372 ἐπι·
1199 3329 1200 3332 ’
1229 3315 1231 3320 ’
1282 3307 1283 3392 ,

118 3390 299 3475 χειρήματα
311 3397 476 3468 appellant,
490 3396 590 3469 sequi,
601 3396 713 3469 quales
726 3394 1008 3471 vitarecporteret3
1024 3412 1159 3470 quorum.

118 3484 283 3553 utrumque
298 3476 432 3551 pertinet
446 3478 486 3536 ad
505 3477 770 3539 confirmationem
792 3487 823 3540 et
843 3481 883 3540 ad
903 3480 1158 3541 confutationem.
