2575 3892
136 206 179 269 42
475 206 530 265 Ab
553 204 584 263 C.
605 201 835 265 HERENNIUM

137 362 266 434 petetur.
288 355 327 411 V.
344 352 407 412 Sed
418 352 444 412 si
456 351 612 426 acciderit,
627 362 661 412 ut
671 351 701 411 in
718 350 943 413 consultatione
958 352 1045 412 alteri
1055 352 1094 412 ab
1105 360 1177 413 tuta

135 439 271 511 ratione,
292 435 378 497 alteri
398 436 436 495 ab
459 436 590 495 honesta
613 435 764 496 sententia
779 434 843 509 sit,0
856 443 890 496 ut
903 434 934 495 in
950 432 1176 497 deliberatione

136 538 253 594 eorum,
266 519 319 595 qui
328 536 347 578 a
357 518 460 580 Poeno
473 517 670 579 circumsessi
682 519 860 593 deliberant,
875 518 950 594 quid
961 526 1062 592 agant,
1077 526 1176 580 tutam

135 603 286 664 rationem
301 602 328 662 si
344 602 414 676 quis
430 604 583 676 suadebit,
606 601 655 662 his
670 600 748 662 locis
763 610 880 663 utetur:
901 602 1020 663 Nullam
1034 617 1099 662 rem
1114 601 1175 662 uti-

136 686 245 748 liorem
260 701 332 747 esse
345 684 568 756 incolumitate,
593 684 757 747 virtutibus
772 684 815 746 uti
830 684 983 746 neminem
998 700 1102 760 posse,
1119 684 1175 759 qui

137 788 213 832 suas
228 768 364 831 rationes
379 769 410 827 in
425 777 489 829 tuto
505 785 567 828 non
590 767 763 840 collocarit;
786 785 825 829 ne
848 770 926 829 deos
950 768 1075 843 quidem
1099 783 1174 827 esse

137 851 253 914 auxilio
264 851 313 925 iis,
333 851 386 926 qui
401 868 435 911 se
446 850 621 912 inconsulto
633 850 663 911 in
678 851 847 926 periculum
861 850 988 921 mittant
1007 850 1174 912 honestum

137 936 212 997 nihil
228 944 370 1011 oportere
386 933 569 1008 existimari,
591 934 676 1009 quod
691 950 752 995 non
775 936 904 995 salutem
918 933 1026 1010 pariat.
1068 932 1098 994 9.
1114 932 1172 1006 out

136 1028 220 1080 tutae
234 1018 279 1078 rei
293 1026 464 1095 praeponet
478 1017 628 1080 rationem
637 1017 808 1090 honestam,
822 1017 871 1077 his
884 1016 962 1078 locis
974 1025 1087 1077 utetur:
1101 1015 1172 1075 Vir-

136 1111 231 1162 tutem
247 1103 330 1162 nullo
344 1111 482 1177 tempore
496 1101 745 1176 relinquendam,
760 1103 811 1161 vel
826 1099 973 1172 dolorem,
988 1099 1015 1160 si
1027 1099 1055 1160 is
1065 1099 1171 1159 timea-

136 1192 194 1256 tur,
209 1186 259 1242 vel
274 1193 416 1255 mortem,
433 1185 460 1244 si
475 1196 512 1244 ea
527 1183 715 1257 formidetur,
730 1185 884 1244 dedecore
899 1191 930 1243 et
940 1181 1065 1243 infamia
1076 1181 1171 1244 levio-

136 1283 202 1326 rem
214 1283 300 1336 esse,
313 1267 520 1337 considerare,
529 1282 609 1340 quae
621 1267 661 1326 sit
673 1268 829 1342 turpitudo
842 1275 1054 1338 consecutura,
1068 1273 1099 1326 at
1108 1283 1173 1325 non

136 1348 392 1409 immortalitatem
406 1365 507 1423 neque
519 1358 675 1409 aeternam
689 1348 927 1409 incolumitatem
939 1347 1099 1424 consequi,
1113 1362 1173 1410 nco

137 1448 210 1493 esse
225 1433 418 1505 exploratum
432 1431 484 1490 illo
499 1432 593 1494 vitato
616 1433 754 1506 periculo
776 1433 893 1492 nullum
907 1433 937 1492 in
953 1433 1040 1493 aliud
1050 1431 1172 1508 pericu-

137 1517 200 1575 lum
223 1523 385 1585 venturos;
409 1514 512 1576 virtuti
542 1517 590 1574 vel
612 1518 692 1578 ultro
716 1516 756 1575 ad
778 1523 906 1577 mortem
928 1514 1085 1591 proficisci
1099 1531 1173 1576 esse

138 1601 344 1673 praeclarnm;
360 1597 528 1659 fortitudini
543 1600 695 1660 lortunam
709 1616 833 1675 quoquc
849 1616 921 1660 esse
932 1599 1107 1659 adiumento
1121 1615 1172 1658 so-

136 1685 216 1752 lere;
232 1698 301 1742 eum
313 1690 376 1743 tute
390 1681 504 1755 vivere,
521 1682 573 1757 qni
583 1683 715 1744 honeste
725 1683 818 1756 vivat,
832 1700 904 1756 nou,
920 1683 973 1758 qui
984 1683 1014 1741 in
1025 1698 1172 1757 praesen-

138 1767 180 1826 tia
194 1765 356 1828 incolumis
370 1767 419 1839 sit,
433 1783 518 1842 eum,
535 1765 587 1841 qui
601 1766 730 1842 turpiter
743 1767 842 1841 vivat,
858 1766 1043 1829 incolumem
1057 1764 1088 1826 in
1103 1781 1170 1840 per·

139 1859 263 1923 petuum
279 1866 427 1910 essenon
442 1867 547 1923 posse.
570 1850 826 1910 conclusionibus
843 1851 906 1908 fere
919 1848 1068 1907 similibus
1080 1849 1112 1906 in
1123 1846 1172 1908 his

137 1940 169 1990 et
182 1932 213 1989 in
225 1931 418 1990 iudicialibus
432 1930 535 1989 causis
548 1930 591 1988 uti
602 1932 754 1999 solemus,
767 1930 828 1988 nisi
841 1930 925 2003 quod
935 1929 966 1986 in
978 1929 1027 1988 his
1039 1930 1173 1990 maxime

136 2010 282 2072 conducit
304 2028 395 2084 quam
415 2011 545 2084 plurima
563 2026 665 2070 rerum
685 2018 756 2070 ante
776 2019 930 2082 gestarum
944 2013 1086 2084 exempla
1101 2029 1174 2086 pro-

137 2096 226 2153 lerre.
249 2092 1174 2167 VLNuncaddemonstrativumgenuscausaetranseamus

219 2175 269 2237 10.
298 2173 447 2248 Quoniam
467 2175 544 2237 haec
559 2192 655 2255 causa
669 2175 812 2238 dividitur
826 2175 858 2236 iu
872 2177 995 2237 laudem
1009 2184 1040 2237 et
1052 2177 1173 2253 vitupe-

137 2260 301 2331 rationem,
328 2258 439 2334 quibus
460 2276 500 2319 ex
513 2259 606 2320 rebus
619 2260 743 2321 laudem
758 2259 1018 2333 constituerimus,
1045 2278 1085 2321 ex
1099 2278 1173 2321 con-

99 2376 105 2385 ·
136 2343 238 2405 trariis
259 2343 352 2403 rebus
374 2340 432 2402 erit
450 2343 632 2418 vituperatio
649 2352 834 2420 comparata.
869 2344 950 2404 Laus
965 2343 1174 2427 igiturpatet

137 2445 210 2488 esse
224 2444 326 2487 rerum
341 2434 544 2497 externarum,
560 2425 710 2502 corporis
726 2426 827 2486 animi.
849 2426 962 2488 Rerum
977 2437 1173 2488 externarum
1274 2416 1275 2455 ³

137 2517 209 2570 sunt
224 2525 269 2580 ea,
287 2524 366 2581 quae
381 2524 457 2568 casu
470 2517 523 2568 aut
536 2510 656 2570 fortuna
672 2511 809 2571 secunda
821 2519 874 2571 aut
887 2511 1020 2572 adversa
1031 2510 1174 2571 accidere
1274 2514 1275 2555 l

137 2599 285 2667 possunt;
315 2607 429 2666 genus,
447 2590 605 2662 educatio,
622 2590 762 2662 divitiae,
779 2598 966 2666 potestates,
989 2595 1113 2670 gloriae,
1130 2593 1174 2652 ci·
1274 2648 1275 2651 ,

136 2674 226 2747 vitas,
243 2670 402 2745 amicitiae,
418 2680 449 2734 et
463 2691 543 2750 quae
557 2673 735 2738 huiusmodi
750 2686 821 2738 sunt
835 2685 865 2737 et
878 2694 924 2749 ea,
941 2695 1020 2754 quae
1035 2677 1083 2738 his
1099 2693 1175 2737 con-

136 2758 238 2823 traria.
272 2757 416 2832 Corporis
432 2766 504 2819 sunt
518 2774 563 2831 ea,
587 2776 666 2834 quae
680 2767 789 2820 natura
803 2761 927 2836 corpori
941 2760 1074 2822 attribuit
1090 2775 1173 2819 com-

135 2845 229 2906 moda
243 2850 295 2904 aut
308 2840 518 2903 incommoda:
532 2843 691 2915 velocitas
706 2842 799 2919 vireo,
815 2843 956 2919 dignitas,
970 2845 1125 2913 ualetudo,
1143 2850 1175 2902 et
1274 2854 1275 2901 t

137 2945 217 3003 quae
232 2924 384 2988 contraria
399 2933 479 2988 sunt.
506 2925 609 2986 Animi
624 2936 697 2988 sunt
710 2944 757 3000 ea,
774 2945 854 3003 quae
869 2927 998 2989 consilio
1014 2935 1044 2986 et
1058 2924 1174 2998 eogita-

136 3009 220 3068 tione
231 3018 338 3069 nostra
349 3017 504 3071 constant:
520 3010 692 3085 prudentia,-
707 3010 830 3084 iustitia,
843 3011 996 3079 fortitudo,
1010 3007 1174 3081 modestia,
1274 2992 1275 3037 ³

137 3097 168 3148 et
189 3106 269 3163 quae
291 3091 443 3153 contraria
463 3101 543 3154 sunt.
579 3090 630 3154 ll.
650 3093 715 3155 Erit
734 3094 824 3169 igitur
844 3095 927 3153 haec·
938 3089 1127 3153 confirmatio
1143 3099 1176 3153 et
1274 3104 1275 3137 t

138 3171 305 3233 confutatio
325 3174 415 3236 nobis
435 3174 467 3234 in
484 3175 666 3248 ⁴huiusmodi
686 3192 789 3236 causa.
831 3176 1016 3252 Principium
1037 3182 1175 3236 sumetur
1274 3200 1275 3227 2

136 3259 190 3344 aut
202 3253 241 3316 ab
256 3263 363 3314 nostra
376 3265 427 3315 aut
441 3257 479 3316 ab
495 3258 577 3332 eius,
600 3260 640 3318 de
655 3276 717 3334 quo
733 3260 909 3335 loquemur,
937 3270 989 3335 aut
1003 3261 1042 3320 ab
1054 3275 1173 3331 eorum,

138 3349 191 3404 qur
205 3334 344 3406 audient,
367 3353 503 3410 persona
516 3350 569 3402 aut
582 3342 621 3401 ab
635 3357 680 3401 re.
715 3342 764 3402 Ab
779 3349 900 3413 nostra,
928 3341 956 3402 si
969 3341 1174 3412 laudabimus,

136 3420 189 3473 aut
203 3412 307 3473 officio
322 3417 439 3490 lacere,
463 3425 548 3494 quod
562 3440 659 3484 causa
670 3421 908 3484 necessitudinis
923 3421 1107 3498 intercedat,
1123 3430 1177 3484 aut
1274 3482 1275 3485 ,
