2575 3892
28 150 30 225 j
142 148 206 210 aar
515 149 565 206 ila
580 148 813 208 ravennana
1140 166 1190 218 ,ω

143 304 242 363 minus
257 302 357 374 utiles,
374 317 414 358 ex
429 316 591 359 causarum
606 301 812 375 dignitatibus,
828 316 868 359 ex
883 309 1055 375 temporum
1071 322 1187 382 oppor-

143 386 329 457 tunitatibus,
346 399 385 442 ex
401 383 521 457 officiis,
538 394 577 443 ex
590 384 800 458 religionibus,
822 400 863 444 ex
876 388 1079 457 vetustatibus
1094 390 1187 452 lrabe-

146 472 232 530 bitur.
265 469 342 527 LVl.
362 467 482 528 Utilitas
504 474 605 529 autem
626 477 680 529 aut
698 469 729 527 in
751 483 882 544 corpore
902 469 1007 543 posita
1027 477 1187 537 astantia

144 552 284 614 extrariis
298 552 410 621 rebus3
427 567 555 627 quarum
567 559 669 611 tamen
682 567 785 612 rerum
798 554 893 613 multe
908 555 1043 614 maxima
1056 572 1130 632 pars
1145 561 1187 618 ad

145 637 285 712 corporis
308 637 503 695 comarodum
522 637 699 710 revertitur,
728 643 762 696 ut
781 638 812 695 in
832 652 867 695 re
887 637 1013 713 publiea
1034 643 1186 715 quaedam

145 730 231 793 sunt,
257 736 352 796 quae,
373 726 406 779 ut
426 720 472 779 sie
491 720 607 794 dicam,
628 721 668 780 ad
690 736 804 795 eorpus
819 721 972 795 pertineat
986 723 1131 798 civitatis,
1153 734 1188 789 ut

145 807 218 879 agri,
241 811 357 879 portus,
376 806 517 879 pecunie,
538 805 658 878 classis,
677 811 798 877 nautae,
819 805 941 879 milites,
964 808 1051 880 socii,
1074 809 1186 882 quibus
1257 860 1258 863 ,

145 890 237 947 rebus
264 888 503 948 incolumitatem
529 903 566 946 ac
586 887 755 948 libertatem
774 889 907 948 retineat
929 890 1083 964 civitates,
1108 892 1187 951 aliae

143 989 228 1046 vero,
245 986 324 1047 quae
338 972 397 1031 iam
411 971 557 1046 quiddam
568 972 666 1044 magis
678 974 813 1046 amplum
824 973 964 1033 erminus
975 975 1187 1035 necessarium

146 1057 326 1128 conficiunt,
348 1063 381 1114 at
401 1056 486 1129 urbis
508 1056 631 1128 egregia
652 1056 812 1117 exornatio
832 1064 926 1131 atque
947 1058 1131 1132 amplitudo,
1152 1067 1187 1119 ut

146 1140 297 1215 quaedam
312 1139 467 1198 excellens
484 1139 633 1212 pecuniae
648 1140 842 1214 magnitudo,
863 1140 1061 1201 amicitiarum
1078 1157 1117 1201 ae
1132 1158 1186 1203 so·

145 1225 286 1282 cietatum
300 1223 469 1284 multitudo.
495 1220 565 1283 169.
588 1221 705 1294 Quibus
719 1224 814 1285 rebus
828 1240 892 1285 non
907 1224 980 1284 illud
993 1227 1093 1286 solum
1109 1241 1187 1285 con-

143 1308 251 1380 licitur,
265 1315 299 1366 ut
313 1308 419 1366 salvae
434 1312 463 1363 et
477 1306 656 1377 incolumes,
672 1321 779 1365 verum
794 1308 894 1381 etiam,
909 1314 942 1366 ut
954 1310 1072 1381 amplae
1087 1315 1189 1383 atque

143 1399 285 1463 potentes
307 1393 367 1449 sint
382 1389 528 1448 civitates.
561 1388 661 1462 Quare
675 1391 811 1451 utilitatis
826 1392 906 1450 duae
921 1397 1023 1465 partes
1037 1379 1189 1452 videntum

143 1490 230 1545 esse,
253 1473 444 1534 incolumitas
466 1480 496 1531 et
517 1473 662 1546 potentia.
703 1474 900 1547 incolumitas
922 1480 970 1533 est
990 1475 1097 1535 salutis
1119 1480 1188 1535 tuta

143 1567 236 1632 atque
251 1560 368 1630 integra
383 1558 595 1625 conservatim
619 1559 757 1630 potentia
778 1559 881 1619 estad
896 1572 954 1618 sua
968 1559 1188 1620 conservande

139 1654 170 1703 et
184 1645 311 1704 alterius
327 1643 514 1702 attenuanda
532 1640 715 1699 idonearum
729 1655 832 1700 rerum
847 1642 987 1701 facultas.
1022 1644 1129 1713 Atque
1151 1640 1185 1700 ia

137 1728 174 1786 iis
194 1728 352 1797 omnibus,
374 1741 454 1798 quae
469 1732 541 1784 ante
555 1723 637 1784 dicta
658 1729 744 1794 sunt,
767 1724 841 1798 quid
860 1723 929 1784 lieri
949 1731 980 1784 et
998 1722 1073 1798 quid
1088 1722 1185 1784 lacile

137 1811 254 1883 possit,
282 1814 404 1882 oportet
425 1807 631 1868 considerare.
665 1805 768 1868 Facile
785 1809 817 1868 id
841 1805 1094 1881 dioirnus,·quod
1111 1808 1184 1867 sine

137 1909 250 1968 magno
266 1900 316 1951 aru
330 1892 397 1952 sine
411 1893 473 1951 ulla
489 1891 603 1963 labore,
620 1898 754 1965 sumptu,
769 1892 910 1952 molestia
925 1907 1017 1965 quam
1031 1890 1183 1950 brevissi·
1254 1930 1258 1937 ·

137 1994 187 2037 mo
209 1984 346 2048 tempore
361 1975 471 2035 confici
492 1981 611 2049 potost;
632 1990 730 2048 posse
744 1982 845 2034 autem
859 1975 941 2047 fleri,
965 1974 1050 2050 quod
1072 1990 1182 2049 quam·

138 2075 230 2135 quam
241 2059 365 2134 laboris,
374 2067 524 2135 sumptus,
536 2059 704 2131 molestiae,
717 2060 946 2132 longinquitatis
959 2058 1074 2132 indiget
1085 2065 1185 2132 atque

137 2150 190 2204 aut
204 2157 311 2202 omnes
327 2148 379 2202 aut
393 2141 541 2217 plurimas
556 2149 609 2202 aut
621 2142 771 2201 maximas
787 2158 899 2202 causas
909 2143 1002 2201 habet
1016 2140 1182 2201 difficulta-

136 2228 191 2300 tis,
211 2234 327 2298 umen,
349 2226 397 2284 his
414 2226 569 2299 susceptis
591 2225 835 2299 difficultatibus
864 2226 992 2285 confieri
1018 2232 1113 2299 atque
1142 2227 1184 2285 ad

136 2311 249 2368 exitum
264 2310 392 2383 perduoi
407 2315 518 2383 potest,

219 2389 290 2453 170.
308 2391 458 2464 Quoniam
473 2408 547 2464 erga
563 2392 778 2452 dehonestate
792 2399 822 2452 et
837 2392 876 2450 de
890 2391 1017 2452 utilitate
1033 2392 1184 2465 diximus,

135 2491 215 2534 nune
229 2482 339 2546 restat,
357 2482 390 2533 ut
404 2475 443 2532 de
457 2475 495 2532 iis
510 2476 619 2551 rebus,
636 2491 715 2549 quas
729 2475 778 2535 his
793 2475 952 2536 attributas
967 2490 1041 2534 esse
1055 2474 1187 2535 diceba·

133 2574 218 2632 mus,
239 2556 471 2616 necessitudine
484 2565 514 2616 et
528 2558 701 2618 adlectione
715 2559 955 2634 perscribamus.
988 2558 1078 2617 LVll.
1100 2555 1188 2618 Puto

133 2643 224 2718 igitur
246 2656 318 2701 esso
338 2641 418 2700 hune
439 2641 714 2719 necessitudinem,
737 2644 785 2703 cui
804 2643 888 2701 nulla
901 2642 932 2699 vi
947 2642 1049 2702 resisti
1063 2648 1188 2716 potest,

134 2740 196 2803 quo
211 2742 249 2786 ea
264 2726 366 2785 secius
382 2725 428 2798 id,
452 2726 537 2802 quod
551 2727 654 2786 lacere
668 2733 785 2802 potest,
801 2724 956 2799 perficiat,
980 2739 1060 2800 quae
1073 2738 1188 2801 neque

132 2810 243 2871 mutari
256 2824 358 2884 neque
373 2809 459 2869 leniri
474 2817 587 2885 potest.
607 2813 721 2886 Atque,
736 2817 770 2869 ut
784 2807 920 2884 apertius
935 2809 995 2867 hoc
1011 2808 1057 2881 sit,
1074 2821 1188 2868 exem·

132 2897 184 2969 plo
197 2896 268 2954 licet
277 2895 338 2952 vim
349 2892 403 2967 rei,
417 2893 516 2967 qualis
528 2901 558 2953 et
570 2902 684 2969 quanta
695 2897 742 2967 sit,
757 2907 992 2967 cognoscamus.
1014 2891 1067 2951 Uri
1079 2906 1192 2967 posse

132 2979 256 3038 flamma
269 2978 402 3051 ligneam
412 2978 568 3039 materiam
579 2993 711 3038 neeesse
722 2984 778 3036 est.
802 2977 922 3051 Corpus
933 2975 1060 3035 mortale
1072 2976 1191 3050 aliquo
1247 3005 1258 3029 .·

132 3069 272 3136 tempore
286 3061 411 3120 interire
425 3075 557 3120 necesse
571 3069 636 3131 est;
651 3068 743 3137 atque
757 3063 800 3122 ita
809 3075 951 3132 necesse,
965 3066 999 3118 ut
1009 3059 1058 3118 vis
1070 3067 1189 3132 postu-

131 3145 173 3198 tat
183 3160 228 3212 ea,
242 3161 333 3216 quam
346 3145 438 3204 modo
451 3143 718 3218 describebamus,
728 3144 978 3205 necessitudinis.
993 3142 1192 3205 Huiusmodi

100 3244 110 3259 ·
131 3223 377 3310 necessitudines
393 3243 487 3300 quum
502 3228 533 3284 in
555 3228 678 3288 dicendi
698 3230 833 3288 rationes
853 3227 1004 3297 incident,
1025 3233 1191 3287 rectene·

131 3299 337 3384 ‚cessrtudmes
348 3309 600 3378 appellabuntur;
614 3313 662 3370 sin
675 3313 796 3386 aliquae
806 3327 858 3371 res
871 3308 1013 3369 accident
1021 3308 1193 3388 difficiles,

130 3388 161 3426 ¹¹¹
181 3372 233 3424 ¹¹¹¹
253 3383 427 3450 superiore,
443 3391 683 3469 pessumdari,
700 3395 881 3468 quaestione
897 3391 1190 3476 considerabimus.
