2575 3892
136 186 198 248 luz
503 185 554 243 DE
570 182 802 241 invnnllon'ss
1146 193 1202 247 20

134 343 257 401 lerator.
276 333 418 396 Paucitas
433 334 464 395 in
479 333 641 410 partitione
658 339 806 404 servatur,
824 329 850 391 si
865 346 981 405 genera
991 328 1062 404 ipsa
1072 346 1192 392 rerum

135 428 289 498 ponuntur
310 435 412 494 neque
433 417 584 494 permixte
605 433 676 478 cum
696 415 834 491 portibus
856 413 1059 488 implicantur.
1100 416 1189 475 Nam

134 522 233 581 genus
249 511 306 575 est,
328 502 413 577 quod
427 503 533 577 plures
549 511 653 577 partes
668 498 870 575 amplectitur,
892 505 925 557 nt
939 496 1061 556 animal.
1099 498 1185 560 Pars

134 597 191 660 est,
208 604 288 662 qnae
304 586 412 646 subest
426 584 540 661 generi,
556 592 588 645 ut
603 600 712 659 equus.
742 582 806 642 Sed
820 597 915 655 saepe
931 581 1041 640 endem
1054 597 1109 642 res
1126 583 1185 641 alii

133 689 250 748 genoe,
272 670 322 730 alii
337 686 409 745 pars
426 676 482 729 est.
517 669 592 729 Nam
606 668 698 728 homo
715 665 854 726 animalis
869 680 943 739 pars
959 672 1021 736 est,
1036 664 1182 726 Thebani

134 765 187 816 ant
207 753 328 814 Troiani
349 769 457 829 genus.
496 753 600 812 XXlll.
622 752 706 811 Haec
729 749 798 809 ideo
821 745 997 822 diligentius
1019 745 1181 810 inducitur

137 837 356 915 praescriptio,
383 845 431 909 nt,
452 844 557 911 aperte
572 833 726 895 intellecta
740 831 876 908 generali
890 829 1072 906 partitione,
1098 850 1180 908 pan-

135 923 212 982 citas
228 936 373 996 generum
388 918 418 978 in
434 919 597 995 partitione
613 916 730 978 servari
744 914 855 991 possit.
886 914 962 973 Nam
979 915 1032 988 qni
1046 915 1089 975 ita
1105 933 1179 990 par·

135 1006 220 1067 titur:
235 1004 400 1064 Ostendam
411 1012 537 1079 propter
549 1001 746 1078 cupiditatem
758 1007 789 1059 et
799 995 960 1059 audaciam
972 1006 1002 1057 et
1012 998 1179 1060 avaritiam

133 1087 383 1147 adversariorum
405 1087 506 1166 omnia
527 1084 721 1146 incommoda
742 1083 866 1143 adrem
886 1079 1040 1155 publicam
1061 1099 1179 1156 perve-

134 1170 235 1241 nisse,
251 1171 278 1226 is
291 1187 352 1228 non
364 1169 512 1229 intellexit
527 1169 556 1227 in
570 1167 742 1243 partitIone,
761 1165 905 1242 exposito
918 1180 1039 1239 genere,
1052 1174 1179 1240 partem

135 1269 170 1313 se
192 1250 316 1326 generis
337 1251 551 1310 admiscuisse.
588 1252 663 1309 Nam
684 1266 782 1322 genus
804 1256 853 1310 est
874 1246 1008 1308 omnium
1029 1248 1179 1310 nimirum

134 1334 293 1393 libidinum
308 1333 475 1408 cupiditas:
502 1334 569 1392 eins
584 1341 686 1392 antem
701 1332 824 1407 generis
840 1332 907 1393 sine
923 1331 1014 1392 dnbio
1028 1348 1102 1405 pars
1120 1342 1179 1395 est

132 1416 269 1477 arvaritia.

218 1498 268 1560 33.
290 1503 356 1561 Hoc
372 1499 462 1574 igitur
476 1497 634 1559 vitandum
650 1507 705 1571 est,
727 1516 775 1572 ne,
798 1498 885 1561 cuius
902 1516 999 1574 genus
1013 1498 1176 1574 posueris

133 1585 201 1645 eius
218 1584 308 1646 sicuti
323 1584 456 1660 aliquam
473 1583 627 1644 diversam
642 1600 678 1643 ac
695 1583 875 1644 dissimilem
889 1591 1007 1658 partem
1022 1600 1123 1656 ponus
1138 1582 1174 1643 in

133 1671 241 1729 eadem
256 1668 428 1744 partitione.
451 1666 567 1741 Quodsi
583 1667 667 1743 qnod
681 1665 711 1727 in
727 1684 824 1742 genus
836 1668 941 1741 plures
952 1665 1088 1726 incident
1100 1684 1172 1741 par·

134 1761 196 1825 tes,
223 1752 254 1812 id
277 1770 371 1828 quum
386 1752 416 1811 in
431 1752 530 1829 prima
545 1768 658 1813 causae
673 1750 836 1826 partitione
851 1749 908 1810 erit
922 1747 1102 1825 simpliciter
1116 1766 1172 1811 ex·
1261 1756 1262 1813 ζ

133 1836 283 1910 positum,
310 1835 509 1897 distribuetur
524 1846 661 1909 tempore
675 1851 713 1894 eo
730 1830 995 1908 commodissime,
1020 1851 1116 1908 quum
1130 1834 1171 1893 ad
1261 1892 1262 1911 ,

132 1920 234 1992 ipsum
247 1930 373 1980 ventum
388 1919 445 1979 erit
459 1918 675 1993 explicandum
690 1916 720 1976 in
737 1933 850 1978 causae
865 1914 1001 1977 dictione
1015 1925 1087 1993 post
1096 1933 1171 1992 par·

132 2001 277 2060 titionem.
305 2005 407 2074 Atque
422 2000 498 2061 illud
513 2016 638 2076 quoque
653 1999 784 2075 pertinet
798 2001 839 2060 ad
853 1994 1048 2073 paucitatem,
1062 2015 1099 2061 ne
1114 2010 1171 2059 aut

132 2085 228 2156 plura,
244 2099 336 2156 qnam
352 2084 426 2142 satis
441 2092 498 2156 est,
514 2084 776 2145 demonstraturos
792 2100 850 2144 nos
866 2080 1015 2156 dicamne,
1031 2084 1090 2143 hoc
1102 2099 1170 2142 mo-

132 2166 188 2226 do:
202 2164 367 2225 Ostendam
379 2167 586 2242 adversariae,
600 2168 685 2241 qnod
696 2165 863 2242 arguimus
875 2174 906 2226 et
915 2166 1057 2241 potuisse
1066 2166 1169 2229 iacere
1260 2158 1261 2191 l

130 2257 161 2308 et
176 2248 314 2309 voluisse
329 2258 360 2309 et
374 2248 505 2321 iecisse;
531 2268 601 2310 nam
615 2249 730 2311 iecisse
746 2249 821 2311 satis
837 2258 885 2311 est
899 2250 1079 2310 ostendere:
1105 2259 1169 2321 aut,

131 2351 226 2407 quum
246 2333 278 2393 in
299 2348 395 2394 causa
415 2334 536 2408 partitio
558 2336 640 2394 nulla
664 2333 703 2394 sit
718 2343 748 2394 et
764 2350 858 2409 quum
874 2332 1005 2409 simplex
1020 2333 1169 2407 quiddam
1188 2362 1196 2375 κ

129 2425 252 2491 agatur,
273 2425 373 2476 tamen
387 2426 507 2476 utamur
522 2415 752 2487 distributione;
774 2418 807 2477 id
822 2418 907 2492 qnod
921 2433 1046 2493 perraro
1061 2424 1170 2490 potest

129 2499 281 2555 accidere.
319 2501 365 2557 hc
382 2507 453 2559 sunt
468 2498 528 2559 alia
543 2516 669 2574 qnoque
683 2509 850 2577 praecepta
863 2499 1066 2575 partitionum,
1082 2516 1170 2572 quae

131 2579 170 2637 ad
178 2580 259 2640 lrnnc
267 2598 357 2641 nsum
365 2582 529 2642 oratorium
537 2599 598 2642 non
608 2589 691 2643 muto
701 2600 795 2659 opere
807 2584 987 2659 pertineant,
1000 2594 1170 2657 quaerar·
1259 2600 1260 2641 i

129 2671 234 2725 santur·
245 2662 276 2723 in
288 2663 494 2741 philosophia,
507 2683 546 2727 ex
559 2665 671 2742 quibus
683 2666 759 2728 haec
772 2667 841 2743 ipsa
851 2665 1069 2739 transtulimus
1084 2683 1170 2741 quae

129 2747 297 2809 convenire
318 2749 516 2821 videbantur,
543 2767 673 2826 quornm
695 2750 769 2811 nihil
787 2750 821 2813 in
843 2751 973 2814 caeteris
987 2749 1104 2810 artibus
1119 2748 1166 2809 in·

129 2834 338 2895 veniebamus.
374 2835 478 2910 Atque
497 2833 546 2894 his
567 2835 607 2894 de
627 2833 790 2909 partitione
811 2833 1001 2910 praeceptio,
1028 2832 1060 2893 in
1082 2830 1166 2894 omni

126 2917 264 2980 dictione
276 2916 452 2978 meminisse
469 2916 637 2993 oportebit,
659 2926 692 2978 nt
706 2926 736 2978 et
749 2916 847 2993 prima
862 2934 1006 2995 quaeque
1021 2933 1110 2992 pars,
1133 2925 1167 2976 nt
1258 2976 1259 2999 ,

126 3002 270 3072 exposita
285 3001 377 3063 estin
392 3001 565 3076 partitione,
588 3000 633 3062 sie
649 3001 758 3062 ordine
773 3001 958 3078 transigatur
974 3009 1004 3063 et
1020 2999 1165 3061 omnibus

126 3081 288 3153 explicatis
309 3093 484 3158 peroratum
506 3084 559 3154 sit;
586 3085 645 3145 hoc
668 3086 777 3158 modo,
802 3094 836 3146 ut
856 3102 895 3146 ne
916 3082 991 3159 quid
1006 3080 1166 3159 posterius

126 3172 247 3232 praeter
271 3167 503 3228 conclusionem
529 3170 685 3231 inferatur.
725 3166 856 3229 Partitur
881 3168 966 3243 apud
990 3163 1165 3235 Terentium

124 3241 257 3302 breviter
278 3257 308 3306 et
329 3252 490 3310 commode
506 3265 602 3311 senex
616 3251 648 3311 in
664 3250 796 3324 Andria,
824 3266 903 3327 quae
920 3264 1112 3325 cognoscere
1128 3246 1167 3307 li·
1257 3288 1258 3291 ,

125 3323 241 3380 bertum
257 3328 341 3384 velit:
