2575 3892
119 194 162 257 98
459 194 514 254 AD
538 195 569 253 C.
593 192 822 255 HERENNIUM

119 379 183 438 que
205 359 344 423 cuiusvis
364 359 500 420 studimn
515 367 588 436 prot
576 359 656 421 trahi
675 367 781 436 potest
799 359 830 419 in
850 356 983 457 medium
1001 361 1054 422 tali
1075 371 1168 427 nota-

118 447 265 589 tioneLll.
275 525 525 623 Sermocinatio
529 533 592 599 est,
609 543 704 623 quum
718 526 811 587 alicui
827 544 983 603 personae
1000 545 1104 592 sermo
1119 539 1171 592 at·

119 611 262 674 tribuitur
275 599 414 671 et
323 629 350 670 is
367 612 533 687 exponitur
548 627 618 670 eum
639 628 675 670 ra
675 611 760 672 tione
777 610 948 686 dignitatis
969 612 1029 672 hoc
1050 623 1169 687 paeto·

120 696 219 769 Quum
240 694 386 755 militibus
402 696 476 757 urbs
495 695 686 755 redundaret
702 704 734 755 et
755 710 864 755 omnes
884 695 995 756 timore
1016 701 1169 772 oppressi
1265 720 1266 723 ¹

119 779 203 840 domi
221 778 460 854 continerentur,
478 778 722 861 yenptnsteeum
737 793 830 854 sago,
853 779 955 854 gladio
971 780 1169 855 succinctusr

118 871 228 924 tenens
240 863 390 937 iaculum3
407 871 471 925 tres
483 862 701 924 'adolescentes
713 861 853 923 homines
865 862 956 924 simili
966 868 1078 925 ornatu
1090 867 1169 925 sub·

119 956 302 1022 sequuntur.
342 946 455 1024 Irrupit
477 946 509 1007 in
534 947 630 1008 aedes
654 945 772 1020 subito,
798 946 911 1007 deinde
931 963 1045 1022 magua
1068 964 1168 1013 voce:

118 1030 178 1092 Ubi
193 1040 241 1092 est
257 1032 316 1094 iste
330 1032 451 1104 beatus,
467 1030 575 1107 inquit
586 1029 710 1091 aedium
722 1025 887 1092 domiuus?
902 1030 976 1106 quin
987 1032 1061 1091 mihi
1070 1048 1166 1107 prae-

119 1121 168 1174 sto
184 1115 262 1174 luit?
284 1114 363 1190 Quid
378 1114 508 1185 tacetis?
532 1115 590 1176 Hic
604 1115 656 1174 alii
671 1131 780 1177 omnes
795 1112 911 1190 stupidi
925 1116 1037 1175 timore
1053 1117 1165 1178 obmu-

117 1205 254 1258 tuerunt.
279 1199 367 1259 Uxor
380 1199 461 1261 illius
476 1198 678 1262 intelicissimi
692 1215 762 1261 curn
775 1198 909 1259 maximo
924 1196 1001 1259 fletu
1015 1200 1056 1259 ad
1071 1200 1168 1263 istius

117 1282 217 1358 pedes
234 1280 348 1341 abiecit
363 1298 444 1342 sese.
467 1282 573 1355 Parce,
586 1282 694 1356 inquit,
707 1289 739 1342 et
752 1298 809 1357 per
823 1298 870 1355 ea,
883 1298 965 1357 quae
978 1282 1035 1342 tibi
1049 1284 1166 1344 dulcis·

119 1364 197 1426 sima
210 1363 324 1426 suntin
333 1365 406 1437 vita,
413 1365 562 1435 miserere
570 1366 685 1439 nostri;
698 1366 762 1427 noli
769 1365 967 1441 exstinguere
978 1365 1166 1428 exstinctos.

117 1450 179 1509 Fer
190 1457 353 1510 mansuete
368 1451 533 1510 fortunam.
556 1451 621 1511 Nos
637 1465 767 1526 quoque
778 1449 892 1510 luimus
906 1449 1003 1509 beati:
1017 1464 1117 1510 nosce
1131 1460 1167 1513 te

119 1550 192 1594 esse
207 1531 373 1594 hominem.
410 1538 464 1607 [At
477 1533 556 1607 ille:]
579 1534 657 1609 Quin
672 1535 757 1594 illum
771 1532 938 1595 mitridatis
956 1548 992 1593 ac
1007 1537 1165 1595 vosauri-

118 1619 177 1678 bus
192 1618 270 1678 meis
287 1619 455 1693 opplorare
469 1617 630 1679 desinitis?
645 1618 714 1679 Non
725 1617 820 1678 abibit
831 1616 883 1677 illi.
902 1615 1065 1678 Nuntiatur
1071 1617 1164 1679 inter·

119 1718 157 1761 ea
171 1702 309 1763 venisse.
340 1705 454 1763 Actum
470 1710 527 1775 est,
545 1710 576 1763 et
591 1704 728 1763 clamore
744 1700 878 1761 maximo
894 1708 1025 1761 mortem
1042 1701 1163 1777 minari.

119 1787 209 1860 Quod
223 1786 315 1847 simul
326 1794 360 1846 ut
371 1786 505 1848 audivit:
521 1787 617 1858 Heus,
628 1786 739 1861 inquit,
751 1784 884 1859 Gorgiae
899 1783 1074 1860 pedisequo
1088 1802 1164 1861 pue-

118 1885 234 1942 rorum,
247 1872 408 1931 absconde
423 1886 554 1945 pueros3
572 1870 705 1930 defende
713 1889 722 1942 ;
738 1869 795 1941 lac,
808 1875 842 1928 ut
853 1868 1025 1931 incolumes
1038 1871 1078 1930 ad
1089 1869 1164 1930 ado-

118 1953 310 2013 lescentiam.
340 1956 402 2013 Vix
417 1954 495 2012 haec
510 1953 645 2026 dixerat,
662 1969 757 2027 quum
774 1968 848 2012 ecce
863 1952 922 2012 iste
937 1960 1082 2028 praesto:
1105 1953 1162 2012 Se-

118 2036 186 2106 des,
201 2035 309 2111 inquit,
325 2035 450 2096 audax?
481 2038 550 2097 Non
568 2052 630 2098 vox
646 2053 716 2097 mea
728 2036 783 2097 tibi
797 2035 892 2096 vitam
908 2036 1044 2097 ademit?
1072 2037 1165 2111 exple

119 2128 204 2179 meas
219 2118 393 2183 inimicitias
406 2126 437 2179 et
447 2117 637 2180 iracundiam
653 2130 759 2187 satura
772 2126 827 2181 tuo
840 2119 1001 2196 sanguine.
1023 2122 1078 2180 llle
1093 2136 1165 2180 cum
1267 2196 1268 2199 Ἴ

119 2218 232 2277 magno
248 2201 375 2279 spiritu:
387 2204 536 2275 Verebar,
550 2202 659 2278 inquit,
674 2220 714 2264 ne
725 2207 819 2280 plane
829 2206 932 2265 victus
944 2220 1059 2265 essem.
1075 2205 1165 2264 Nunc

117 2286 227 2360 vide03
248 2285 362 2348 iudicio
383 2293 418 2347 tu
431 2303 553 2348 mecum
573 2289 766 2349 contendere
785 2304 848 2349 non
863 2287 927 2360 vis,
949 2287 1003 2348 ubi
1021 2287 1165 2364 superari

117 2371 331 2447 turpissimum
351 2378 381 2431 et
396 2387 548 2447 superare
562 2372 803 2447 pulcherrimum
818 2379 883 2445 est;
911 2371 1088 2433 interficere
1102 2372 1161 2432 vis.

119 2457 250 2516 Occidar
271 2456 430 2530 equidem,
453 2455 510 2515 sed
531 2455 632 2517 victus
653 2473 717 2518 non
738 2455 858 2531 peribo.
899 2457 945 2515 Tu
969 2456 1000 2516 in
1019 2462 1162 2516 extremo

117 2541 201 2599 vitae
216 2548 359 2614 tempore
375 2538 466 2599 etiam
488 2540 681 2601 sententiose
696 2538 856 2614 loqueris?
884 2554 988 2616 neque
1001 2537 1042 2610 ei,
1065 2554 1163 2612 quem

120 2621 208 2683 vides
229 2621 398 2697 dominari,
419 2621 469 2684 vis
490 2624 688 2700 supplicaret
727 2626 804 2684 Tum
828 2621 952 2684 mulier:
983 2624 1077 2683 Immo
1099 2620 1166 2681 iste

120 2707 245 2789 quidem
261 2715 352 2784 rogat
367 2713 398 2768 et
413 2707 585 2787 supplicam
607 2709 665 2768 sed
678 2716 722 2781 tu,
739 2723 875 2788 quaeso,
892 2722 1107 2778 commovere3
1131 2713 1166 2765 et

118 2802 152 2855 tu
167 2810 224 2870 per
239 2793 327 2866 deos,
343 2791 452 2868 inquit,
468 2792 550 2853 hune
567 2793 795 2868 examplexare.
834 2790 985 2852 Dominus
1002 2797 1066 2864 est;
1089 2788 1166 2850 vicit

117 2878 168 2940 hie
188 2889 235 2954 te,
252 2878 344 2940 vince
362 2886 396 2939 tu
418 2893 500 2939 nune
515 2876 659 2937 animum.
700 2877 777 2953 Quin
792 2875 925 2948 desinis,
940 2873 1052 2949 inquit,
1071 2888 1167 2944 uxor,

118 2965 215 3038 loqui,
232 2979 314 3038 quae
330 2978 380 3023 me
394 2962 488 3040 digna
502 2977 566 3023 non
580 2961 659 3022 sint.
629 2963 663 3021 11
683 2969 753 3022 tace
769 2968 813 3032 et,
831 2976 911 3035 quae
926 2956 1065 3018 curanda
1079 2963 1164 3030 sunt,

119 3062 204 3106 cura.
233 3051 280 3108 Tu
294 3063 407 3109 cessas
419 3047 492 3108 mihi
505 3044 609 3118 vitam,
628 3045 682 3106 tibi
697 3060 820 3106 omnem
833 3045 915 3105 bene
930 3037 1055 3100 vivendi
1070 3054 1166 3114 spem

117 3144 189 3190 mea
200 3137 301 3191 morte
316 3131 457 3207 eripere?
490 3132 553 3191 Iste
567 3129 727 3192 mulierem
741 3127 876 3204 reppulit
892 3127 932 3187 ab
945 3140 982 3186 se
995 3125 1167 3184 lamentari

117 3220 198 3282 tem3
214 3213 258 3272 illi
269 3213 377 3274 nescio
391 3214 465 3289 quid
478 3212 635 3289 incipienti
651 3212 765 3285 dicere,
778 3211 863 3286 quod
878 3210 1004 3306 dignum
1017 3205 1165 3267 videlicet

118 3291 200 3352 illius
212 3292 326 3355 virtute
338 3304 431 3368 esset,
445 3296 603 3371 gladium
594 3314 627 3356 m
640 3298 738 3356 latere
753 3294 871 3355 defixit.
898 3292 1001 3353 Puto
993 3309 1024 3352 m
1038 3291 1099 3351 hoc
1110 3304 1164 3351 ex-

121 3375 223 3446 emplo
238 3375 330 3437 datos
345 3393 418 3438 esse
427 3379 482 3439 uni
495 3380 608 3456 cuique
622 3394 784 3444 sermones
797 3378 837 3437 ad
849 3375 1029 3452 dignitatem
1042 3383 1164 3434 accom-
