2575 3892
90 175 135 234 87
315 168 432 229 LIBER
447 169 483 227 ΙΙ.
506 169 588 228 CAP.
603 178 725 232 40-41.
746 178 771 239 S·
788 180 944 234 lle-120.
1099 173 1163 236 189
1268 208 1269 215 ,

90 331 216 401 ptum,
245 328 411 398 propterea
431 321 516 399 quod
538 336 646 382 omnes
661 319 693 380 in
708 320 932 384 consuetudine
946 323 1100 386 sermonis
1116 323 1163 386 sic

90 407 143 469 uti
170 407 283 466 solent
306 422 345 466 eo
366 406 462 465 verbo
483 420 546 465 uno
568 404 749 479 pluribusve
768 405 800 465 in
822 422 891 466 earn
906 407 1103 481 sententiam,
1130 407 1163 467 in
1268 406 1269 409 ’

91 507 204 567 quam
222 489 262 563 is,
279 488 332 563 qui
347 485 437 561 dicet,
452 486 667 564 accipiendum
679 504 752 549 esse
764 489 994 551 demonstrabit.
1015 489 1087 554 117.
1102 493 1163 553 De-

89 574 179 643 inde
209 589 255 633 ex
280 569 442 646 superiore
467 578 498 632 et
521 587 562 632 ex
583 571 731 632 inforiore
749 571 904 648 scriptura
924 574 1097 635 docendum
1118 575 1160 647 id,
1268 566 1269 593 ³

92 658 196 735 quod
216 663 400 732 quaeratur,
423 655 492 715 lieri
505 654 716 731 perspicuum.
753 656 853 731 Quare
869 655 896 718 si
910 654 981 731 ipsa
995 658 1162 733 separatim

92 758 141 804 ex
157 757 201 802 se
217 740 317 801 verba
331 737 582 812 considerentur,
611 739 714 800 omnia
727 749 780 801 aut
794 741 944 816 pleraque
958 740 1103 817 ambigua
1116 740 1163 801 vi·
1268 748 1269 751 ’

92 822 179 887 surn'
199 821 258 893 iri;
285 837 366 900 quae
387 830 488 884 eutem
510 837 551 883 ex
565 822 648 884 omni
663 823 859 886 considerata
874 822 1027 899 scriptura
1040 823 1163 900 perspi·

93 926 164 970 cua
188 907 287 980 fiant,
313 906 392 968 haec
413 905 557 982 ambigua
578 923 640 968 non
657 906 1009 983 oportereexistimari..
1032 904 1161 980 Deinde,
1268 952 1269 957 η

95 1008 169 1068 qua
193 989 231 1051 in
252 989 405 1052 sententia
425 989 558 1065 scriptor
572 990 679 1066 luerit,
705 1005 746 1051 ex
760 990 891 1052 caeteris
907 988 975 1051 eius
991 991 1116 1066 scriptis
1132 999 1163 1050 et

93 1092 143 1137 ex
160 1072 269 1148 factis,
285 1073 384 1147 dictis,
401 1072 503 1135 animo
518 1082 612 1151 atque
627 1073 690 1135 vita
704 1073 772 1137 eins
788 1073 868 1135 sumi
884 1073 1038 1150 oportebit
1053 1083 1083 1134 et
1094 1091 1162 1135 eam

93 1158 212 1234 ipsam
226 1156 419 1233 scripturam,
434 1157 465 1218 in
478 1174 541 1234 qua
549 1157 640 1220 inerit
649 1157 726 1221 illud
737 1157 922 1233 ambiguum,
938 1158 978 1218 de
991 1175 1052 1232 quo
1066 1174 1162 1232 qnae·

92 1251 207 1312 retur,
238 1249 332 1301 totam
353 1241 496 1303 omnibus
518 1241 711 1317 expertibus
726 1249 950 1317 pertemptare,
976 1240 1004 1302 si
1019 1240 1095 1316 quid
1110 1250 1163 1301 aut

94 1325 141 1386 ad
157 1324 197 1385 id
213 1325 391 1400 appositum
406 1324 462 1398 sit,
485 1326 570 1401 quod
585 1342 644 1387 nos
659 1325 910 1401 interpretemur,
935 1333 988 1388 aut
1003 1323 1048 1398 ei,
1076 1326 1160 1400 quod
1219 1315 1222 1323 ’
1268 1326 1269 1329 ’

95 1407 312 1469 adversarius
338 1407 501 1482 intelligat,
526 1410 717 1493 rulversetur.
759 1409 836 1468 Nam
862 1408 968 1481 facilc,
996 1408 1070 1484 quid
1094 1408 1161 1469 veri

97 1489 212 1552 simile
228 1487 269 1548 sit
283 1503 354 1548 eum
366 1490 516 1563 voluisse,
533 1490 588 1564 qui
602 1489 739 1566 scripsit,
755 1506 796 1551 ex
811 1491 894 1551 omni
909 1491 1063 1566 scripturo
1078 1500 1162 1551 etex

98 1587 253 1652 persona
268 1571 430 1647 scriptoris
444 1579 538 1647 atque
551 1571 591 1633 iis
605 1574 715 1646 rebus,
743 1589 823 1648 quae
837 1572 982 1648 personis
998 1571 1160 1634 attributae

99 1665 199 1729 sunt,
230 1653 486 1717 considerabitur.
523 1654 595 1718 118.
610 1656 729 1717 Deinde
745 1655 802 1717 erit
817 1657 1107 1728 demonstrandum,
1135 1655 1159 1717 si
1268 1710 1269 1717 ,

100 1739 186 1817 quid
203 1756 245 1800 ex
260 1755 296 1799 re
309 1737 383 1815 ipsa·
394 1737 515 1800 dabitur
529 1738 692 1814 facultatis,
708 1738 750 1814 id,
767 1741 853 1816 quod
863 1738 1061 1802 adversarius
1074 1739 1160 1801 intel·

97 1825 193 1900 ligat,
218 1820 432 1885 multominus
448 1824 612 1884 commode
625 1822 693 1883 lieri
707 1839 815 1899 posse,
837 1841 930 1899 quam
943 1822 985 1899 id,
1002 1825 1088 1901 quod
1103 1840 1161 1885 nos

100 1906 300 1984 accipimus
328 1907 413 1983 quod
427 1905 510 1968 illius
523 1906 570 1968 rei
585 1922 688 1983 neque
702 1905 924 1968 administratio
941 1924 1044 1983 neque
1057 1906 1161 1968 exitus
1268 1934 1269 1939 ¹

98 1995 190 2054 ullus
208 1997 329 2063 exstet,
353 2006 413 2052 nos
429 1992 515 2067 quod
529 1990 685 2065 dicamus,
706 1989 797 2052 laoile
811 1998 842 2052 et
856 1992 1018 2053 commode
1032 1989 1162 2066 transigi
1268 2008 1269 2013 ¹

99 2092 222 2153 posse;
257 2074 338 2137 utin
351 2074 411 2136 hac
424 2076 549 2151 lege-
562 2074 637 2136 nibil
652 2072 733 2137 enim
747 2074 893 2150 prohibet
905 2074 1009 2136 fictam
1025 2074 1161 2151 exempli

99 2162 178 2222 loeo
201 2175 340 2235 ponere,
367 2176 429 2235 quo
450 2159 572 2221 facilius
592 2175 644 2221 res
660 2157 846 2234 intelligatur
857 2178 917 2214 .-=
937 2173 1094 2218 nnnnrarx
1108 2173 1160 2217 ro·
1268 2182 1269 2185 ¹

99 2258 220 2303 nonan
242 2258 281 2301 nn
302 2258 438 2314 unrrr03
461 2260 490 2304 sr
511 2260 678 2316 rasuram,
699 2257 824 2302 ausuros
839 2257 931 2316 asro,
952 2248 1060 2303 eontra
1080 2258 1160 2313 eum,

102 2325 161 2403 qui
184 2324 382 2387 meretricem
396 2323 547 2402 publicari
562 2327 645 2388 dicat
659 2342 700 2388 ex
714 2327 957 2402 legeoportere,
983 2325 1086 2402 possit
1101 2323 1162 2385 diei

20 2484 21 2487 Ἴ
100 2410 215 2487 neque
238 2409 535 2473 administrationem
556 2427 629 2472 esse
649 2412 743 2471 ullam
764 2410 909 2485 publicae
922 2408 1091 2473 meretricis
1106 2425 1161 2468 ne-

20 2516 21 2519 *
103 2511 169 2570 que
191 2491 314 2557 exitum
332 2493 411 2570 legis
425 2493 457 2555 in
472 2494 634 2556 meretrice
648 2493 852 2570 publicanda,
879 2501 910 2555 at
922 2491 954 2553 in
969 2508 1044 2554 auro
1060 2490 1161 2568 publi-

103 2579 211 2640 eando
234 2584 268 2639 et
287 2577 582 2640 administrationem
602 2584 634 2638 et
648 2576 763 2640 exitum
778 2577 899 2638 facilem
914 2593 986 2638 esse
1001 2585 1032 2639 et
1045 2574 1161 2639 incom-

103 2660 196 2721 modi
217 2657 295 2720 nihil
315 2659 432 2722 inesse.
460 2661 537 2721 XLI.
561 2659 634 2722 119.
648 2661 695 2722 Ac
710 2660 871 2737 diligenter
884 2661 961 2739 illud
976 2677 1103 2736 quoque
1117 2671 1161 2721 at-

104 2746 244 2806 tendere
260 2743 424 2819 oportebit,
439 2761 521 2815 num,
536 2743 590 2805 illo
604 2744 746 2819 probato,
764 2745 849 2818 qnod
863 2743 1062 2805 adversarius
1073 2743 1161 2804 intel-

105 2827 200 2902 ligat,
227 2839 281 2886 res
302 2824 405 2886 utilior
424 2834 478 2887 aut
496 2825 657 2887 honestior
677 2834 729 2888 aut
748 2825 846 2902 magis
861 2826 1039 2889 necessaria
1053 2845 1073 2888 a
1087 2826 1162 2889 seri-

107 2919 203 2985 ptore
219 2909 364 2984 neglecta
377 2908 529 2970 videatur.
559 2909 596 2970 Id
610 2909 672 2983 fiet,
694 2909 722 2972 si
736 2909 778 2986 id,
794 2913 880 2986 quod
894 2926 953 2973 nos
969 2913 1161 2974 demonstra-

107 2992 225 3065 bimus,
240 2993 404 3053 honestum
417 3000 470 3054 aut
483 2991 558 3054 utile
572 3000 625 3055 aut
637 2995 849 3057 neeessarium
864 2996 1161 3064 demonstrabimus;

108 3084 143 3136 et
159 3076 250 3150 siid,
272 3077 357 3153 quod
371 3077 410 3136 ab
424 3076 612 3139 adversariis
628 3078 760 3154 dicetur,
782 3078 906 3145 minime
921 3079 1076 3142 eiusmodi
1089 3094 1161 3140 esse

108 3155 267 3220 dicemus.
303 3157 422 3221 Deinde
443 3159 471 3221 si
489 3159 521 3222 in
542 3162 612 3240 lege
633 3161 690 3224 erit
704 3178 751 3225 ex
771 3163 915 3239 ambiguo
938 3164 1162 3235 connoversia,

110 3241 191 3334 dare
207 3258 333 3318 operam
348 3243 510 3321 oportebit,
525 3253 559 3308 ut
572 3248 612 3308 de
626 3262 675 3323 eo,
692 3248 778 3324 quod
791 3246 990 3311 adversarius
1004 3246 1161 3322 intelligat,

112 3322 218 3383 anain
231 3330 347 3402 relege
361 3334 486 3389 cautum
500 3344 572 3392 esse
582 3332 746 3394 doceatur.
776 3334 846 3395 120.
859 3337 1046 3396 Permultum
1057 3341 1160 3393 autern

111 3406 260 3477 proficiet
272 3409 345 3472 illud
358 3413 583 3489 demonstrare,
595 3418 858 3492 quemadmodum
872 3418 1061 3494 scripsisset,
1076 3415 1104 3472 si
1118 3412 1158 3481 id,
