2575 3892
135 200 198 265 180
502 190 553 250 DE
566 180 801 250 INVENTIONE
1148 184 1190 241 tu

135 356 166 409 et
186 362 247 409 non
267 358 337 404 cum
356 339 448 402 huius
470 333 653 399 defensione
674 328 819 405 coniungi
838 328 919 389 iltius
934 324 1187 388 accusationem.

134 433 289 492 Defensor
302 433 404 487 autem
419 440 513 499 quum
528 425 667 488 caetero,
693 415 720 475 si
736 429 798 490 qua
812 426 852 473 ex
866 411 934 471 aliis
949 409 1090 470 incident
1102 427 1186 472 eon-

136 510 355 581 stitutionibus‚
376 503 575 583 pertractarit,
596 502 637 561 de
652 499 721 575 ipso
734 495 903 559 remotione
922 492 967 554 sio
981 503 1185 568 argumenta-

134 597 230 656 bitur:
251 590 457 663 89.Printu1n‚
478 588 566 649 cuius
580 583 729 645 acciderit
744 582 843 656 culpa,
863 575 1103 648 demonstrabit3
1128 580 1182 638 de·

135 678 223 751 inde,
249 691 343 753 quarn
362 673 395 735 id
409 672 509 734 aliena
523 672 615 745 culpa
630 665 811 736 accidisset,
838 661 981 724 ostendet
996 674 1032 721 se
1047 668 1102 720 aut
1117 677 1180 721 non
1255 720 1256 727 χ

136 760 278 837 potuisse
298 764 431 819 autnon
451 751 597 816 debuisse
617 752 650 810 id
672 751 790 819 lacere,
817 744 902 824 quod
915 749 1082 804 accusator
1097 743 1182 804 dieat

137 842 322 920 oportuisse.
352 839 442 914 Quod
455 854 517 900 non
534 835 676 911 potuerit.
693 848 734 892 ex
747 828 884 892 utilitatis
899 826 1048 903 partibus,
1062 826 1097 887 in
1111 829 1182 902 qui·

136 929 195 987 bus
216 934 264 988 est
278 920 515 984 necessitudinis
529 919 578 980 vis
592 915 765 994 implicata,
791 909 1067 981 demonstrabitur3
1095 913 1184 986 quod

137 1026 200 1070 non
222 1007 376 1080 debuerit,
394 1022 434 1064 ex
447 999 619 1064 honestetis
633 996 888 1061 considerabitur.
923 995 969 1056 De
983 1002 1118 1069 utroque
1136 994 1183 1054 di·

137 1091 278 1153 stinctius
295 1090 325 1149 in
341 1087 539 1150 deliberativo
555 1100 669 1161 genere
683 1081 813 1143 dicetur.
848 1077 967 1139 Deinde
981 1077 1085 1139 omnia
1099 1079 1185 1138 facta

138 1191 211 1235 esse
232 1175 271 1233 ab
292 1186 362 1244 reo,
388 1171 513 1246 quaein
528 1167 627 1244 ipsius
643 1163 757 1227 luerim
771 1170 939 1241 potestate3
967 1162 1051 1237 quod
1064 1160 1183 1234 minus,

139 1273 231 1332 quam
252 1253 446 1326 convenerit,
473 1254 584 1312 lactum
606 1249 661 1322 sit,
688 1249 782 1323 culpo
804 1247 837 1306 id
861 1243 987 1307 alterius
1010 1242 1183 1304 accidisse.

136 1338 189 1400 90.
204 1335 321 1396 Deinde
341 1336 371 1396 in
387 1334 512 1396 alterius
527 1333 618 1408 culpa
631 1331 819 1408 exponenda
833 1327 1097 1390 demonstrandum
1112 1336 1180 1400 est,

139 1427 287 1499 quantum
299 1418 466 1481 voluntatis
480 1426 512 1479 ct
526 1415 619 1477 studii
634 1414 769 1476 fueritin
785 1412 874 1488 ipso;
902 1420 933 1473 et
946 1412 978 1472 id
992 1408 1085 1485 siguis
1100 1423 1185 1469 con-

137 1505 322 1567 firmandum
342 1501 533 1563 huiusmodi:
559 1516 603 1560 ex·
614 1507 736 1560 caetera
751 1494 924 1572 diligentia,
951 1493 1186 1556 excalefactis

138 1597 192 1649 aut
212 1587 317 1657 dictim
344 1595 436 1661 atque
457 1585 517 1647 hoc
537 1583 598 1659 ipsi
613 1583 687 1643 utile
702 1581 800 1642 luisse
813 1581 933 1655 lacere,
957 1576 1064 1638 inutile
1079 1583 1186 1637 autem

138 1686 202 1733 non
223 1673 341 1741 lacere,
368 1676 399 1729 et
418 1683 488 1729 cum
503 1674 625 1727 caetera
639 1666 702 1727 vita
716 1664 814 1725 luisse
828 1663 889 1725 hoc
903 1661 1002 1739 magis
1017 1669 1186 1721 consenta-

139 1771 245 1827 neum,
282 1767 374 1829 quam
407 1751 491 1828 quod
522 1758 649 1826 propter
678 1747 803 1810 alterius
829 1747 952 1824 eulpam
976 1758 1040 1806 non
1064 1745 1187 1806 fecerit

138 1839 229 1899 XXX.
253 1836 286 1896 Si
300 1844 401 1896 autem
415 1850 478 1895 non
492 1833 692 1894 inhominem
707 1841 832 1908 eertum,
849 1832 907 1895 sed
920 1830 952 1892 in
965 1845 1032 1892 rem
1046 1828 1187 1907 aliquem

140 1937 236 1980 causa
251 1916 471 1992 demorabitur,
491 1925 526 1978 ut
538 1915 569 1975 iu
583 1918 641 1975 hac
657 1917 766 1977 eedem
780 1933 823 1990 re,
838 1915 866 1978 si
880 1921 1029 1991 quaestor
1043 1922 1188 1976 mortuus

139 2009 225 2062 esset
244 1999 405 2062 etidcirco
420 1999 529 2075 legatis
543 1998 677 2074 pecunia
691 2000 763 2061 data
777 2016 840 2061 non
855 2006 956 2076 esset,
979 1995 1189 2059 accusatione

139 2081 265 2145 alterius
286 2090 316 2143 et
336 2085 446 2165 eulpae
466 2081 650 2158 depulsione
671 2083 795 2160 dempta
816 2082 947 2147 coeteris
974 2079 1117 2143 similiter
1143 2081 1190 2142 uti

139 2165 218 2228 locis
233 2165 387 2243 oportebit
400 2174 432 2226 et
445 2182 486 2227 ex
499 2165 713 2228 concessionis
728 2165 876 2243 partibus,
892 2181 973 2244 quae
986 2163 1190 2239 convenient,

143 2244 325 2317 adsumere;
344 2244 510 2320 dequibus
525 2244 877 2309 nobisdicendumerit.
915 2245 967 2305 91.
989 2245 1066 2305 Loci
1082 2250 1195 2305 autem

144 2342 324 2388 communes
345 2327 438 2389 iidem
451 2327 593 2405 utrisque
607 2332 688 2402 lere,
712 2330 766 2406 qui
785 2328 999 2407 superioribus
1015 2329 1194 2403 adsumpti-

143 2408 202 2479 vis‚
217 2408 353 2470 incident
362 2431 370 2483 ;
388 2411 532 2472 bitumen
544 2412 731 2473 certissime:
748 2413 948 2488 accusatoris,
962 2409 1034 2473 lacti
1046 2411 1195 2485 indigna-

142 2490 202 2562 tio;
221 2493 412 2562 defensoris,
428 2509 523 2567 quum
542 2495 572 2554 in
594 2495 654 2555 alio
676 2498 769 2571 culpa
785 2497 826 2557 sit
845 2504 899 2558 aut
917 2496 1034 2572 inipso
1054 2496 1196 2567 nonsit,

142 2572 296 2649 supplicio
312 2589 347 2633 se
362 2574 454 2634 adllei
467 2592 529 2636 non
546 2585 702 2652 oportere.

218 2657 322 2737 Ipsius
343 2668 445 2721 autem
459 2658 505 2721 rei
520 2660 555 2722 tlt
566 2659 713 2733 remotio,
737 2678 831 2737 quum
846 2660 895 2735 td,
923 2662 1010 2737 quod
1024 2661 1116 2723 datur
1131 2660 1198 2721 cri·

143 2744 233 2818 mini,
258 2750 350 2818 negat
371 2757 473 2820 neque
493 2744 583 2804 adse
598 2759 700 2820 neque
714 2745 755 2803 ad
769 2743 906 2806 officium
921 2761 1012 2807 suum
1026 2759 1101 2805 reus
1118 2761 1198 2820 per·

142 2828 290 2898 tinuisse;
315 2843 388 2902 nec,
413 2826 441 2887 si
457 2826 532 2902 quid
545 2825 576 2887 in
590 2844 629 2890 eo
643 2827 684 2888 sit
697 2825 856 2903 delictum,
883 2825 943 2889 sibi
957 2826 1080 2890 attribui
1095 2844 1199 2904 opor·

142 2919 219 2973 tere.
253 2910 290 2971 Id
304 2925 419 2971 causae
433 2926 532 2985 genus
547 2917 596 2972 est
608 2910 801 2972 huiusmodi:
825 2913 860 2971 In
875 2927 913 2973 eo
930 2911 1072 2986 loedere,
1102 2913 1200 2988 quod

143 2996 329 3057 factumest
350 2995 506 3069 quondam
527 3009 598 3054 eum
619 2992 822 3068 Samnitibus,
849 2994 975 3072 quidam
999 2994 1199 3067 adolescens

55 3064 256 3137 “xantius
278 3092 405 3151 porcum
426 3075 572 3138 sustinuit
590 3075 680 3138 iussu
693 3077 896 3153 imperatoris.
929 3078 1070 3141 Foedere
1084 3086 1200 3140 autem

143 3158 183 3249 ab
195 3167 305 3219 senatu
314 3159 485 3236 improbato
499 3167 529 3221 et
539 3159 724 3237 imperatore
733 3160 920 3224 Samnitibus
933 3161 1047 3235 dedito,
1061 3162 1202 3237 quidam
1257 3178 1258 3205 ³

142 3250 176 3291 m
192 3246 301 3297 senatu
315 3256 385 3299 eum
401 3260 526 3318 quoque
541 3243 623 3317 dicit,
640 3244 693 3320 qui
708 3259 838 3319 porcum
848 3246 989 3321 tenuerit,
1004 3245 1077 3308 dedi
1094 3263 1202 3321 opor·
1256 3262 1258 3295 a

143 3320 219 3371 tere.
256 3315 307 3371 92.
332 3321 462 3383 Intentio
488 3333 552 3386 est:
577 3327 657 3386 Dedi
682 3334 813 3400 oportet
849 3327 999 3404 Depulsio
1024 3337 1089 3389 est:
1121 3331 1204 3390 Nou

38 3428 44 3431 ·
145 3400 276 3460 oportet.
313 3395 457 3462 Quaestio
483 3417 547 3465 est=
574 3408 783 3482 oporteatnet
806 3410 895 3472 Ratio
920 3420 984 3473 estc
1009 3411 1079 3471 Non
1106 3413 1204 3476 cuim
1257 3404 1258 3435 ³
