2575 3892
366 349 369 354 γ
393 262 509 323 LIBER
521 262 557 319 tt.
582 260 740 321 efflas
761 266 885 327 §.o-a.
1127 261 1167 326 17

135 409 545 489 transigendametseierltne
563 408 637 470 satis
651 410 693 470 ad
702 408 734 468 id
745 411 966 483 perficiendum
983 412 1075 486 spatii
1089 414 1168 473 lutu-

135 514 211 560 rnrn.
221 498 298 556 Nam
309 494 397 569 parvi
407 493 501 554 relert
513 491 588 552 satis
595 491 686 565 spatii
699 492 795 552 luisse
801 493 842 551 ad
854 494 886 552 id
897 494 1127 569 perficiendum,
1141 495 1169 555 si

135 583 167 641 id
178 587 248 640 ante
257 577 368 640 sciriet
379 575 498 636 ratione
507 573 733 648 providerinon
745 574 1168 664 potuitpecasiomquaeritur,

134 665 290 725 idoneare
301 659 392 720 luerit
402 659 443 717 ad
453 671 518 716 rem
534 656 734 717 adoriendam
745 673 784 717 an
796 657 857 717 alia
873 653 996 731 ineii'o'r,
1019 676 1097 735 quae
1116 668 1170 720 ant

136 743 302 821 praeterita
325 739 364 803 sit
380 749 432 801 aut
453 756 516 800 non
538 748 727 815 exspectata.
761 740 843 816 Spes
865 741 1047 816 perficiendi
1069 759 1170 817 ecqua

136 827 237 900 fucrit,
249 824 435 901 spectabitur
445 824 506 884 hoc
517 824 626 884 modo:
647 822 684 896 si,
696 823 1170 898 quaesupradiotasuntsigna,

136 907 362 980 concursura
376 907 403 967 si
413 915 574 984 praeterea
586 922 627 966 cx
637 909 733 966 altera
743 914 830 981 parte
843 906 935 981 vires,
946 908 1089 982 pecunia,
1097 923 1170 968 con·-

130 992 254 1067 silium,
272 989 416 1063 scientia,
435 989 596 1066 apparatio
613 989 768 1055 videbitur
785 988 899 1061 luisse;
924 992 1072 1051 exaltem
1083 1000 1171 1065 parte

135 1073 343 1147 imbecillitas,
361 1073 482 1148 inopia,
501 1071 643 1146 stultitia,
660 1071 879 1148 imprudentia,
902 1073 1094 1148 inapparatio
1116 1075 1170 1133 de·

136 1157 354 1222 monstrabitur
364 1156 480 1229 saissa
494 1176 556 1236 qua
567 1176 603 1218 re
613 1157 695 1218 scire
703 1155 846 1231 potuerit,
856 1164 958 1220 utrum
967 1156 1170 1218 diffidendum

9 1277 10 1298 t
135 1259 175 1304 an
188 1240 406 1302 confidendum
418 1238 517 1300 luerit
547 1238 628 1315 Spes
648 1238 769 1299 celandi
788 1256 868 1314 quae
887 1240 992 1314 luerit,
1015 1239 1171 1315 quaeritur

9 1331 12 1394 ξ
44 1389 47 1393 ,
135 1323 332 1399 exconsciis,
349 1323 480 1397 arbitris,
498 1322 705 1397 adiutoribus,
723 1322 829 1384 liberis
840 1332 894 1385 aut
905 1322 1005 1388 servis
1017 1330 1069 1385 aut
1080 1321 1170 1383 utris-

136 1424 207 1484 que.
233 1409 271 1467 v.
291 1406 322 1486 8ἑ
342 1408 633 1490 Argumentum&
637 1421 702 1484 per
713 1407 799 1481 quod
809 1423 861 1467 res
873 1406 1050 1481 coarguitur
1061 1406 1169 1468 certio-

67 1553 111 1576 s,
135 1493 221 1551 ribus
239 1489 426 1565 argumentis
445 1498 477 1549 et
490 1479 593 1565 'magis
611 1490 700 1550 firma
717 1488 906 1565 suspicione.
935 1490 972 1552 ld
983 1488 1127 1550 dividitur
1139 1488 1171 1546 in

80 1573 113 1652 ζ’)
135 1583 276 1656 tempora
286 1573 347 1656 tria
350 1572 577 1654 [praeteritura
588 1571 719 1645 instans,
731 1587 940 1646 consequens.
962 1571 1171 1646 Inpraeteritp

9 1667 10 1674 ’
73 1668 93 1731 ἓ
135 1665 276 1735 ternpore
288 1662 409 1729 oportet
422 1654 629 1726 considerare,
640 1653 694 1713 ubi
706 1654 806 1726 luerit,
818 1654 870 1714 ubi
881 1654 969 1714 visus
980 1653 1172 1729 sit‘ouocum

9 1731 10 1738 '
135 1740 225 1797 visus
245 1737 299 1807 sit,
322 1735 486 1812 numquid
502 1734 674 1809 appararit,
696 1752 770 1794 num
781 1752 872 1809 quem
884 1736 1077 1808 convenerit,
1100 1750 1173 1794 niun

137 1819 215 1894 quid
227 1816 348 1888 dixerit,
359 1832 433 1875 nurn
445 1831 537 1890 quem
546 1815 688 1875 habuerit
699 1816 739 1874 de
751 1816 896 1890 consciis,
914 1818 954 1876 de
971 1817 1173 1888 adiutoribus,

138 1905 179 1962 de
196 1897 397 1975 adiumentis,
416 1897 576 1973 numquid
591 1898 623 1958 in
640 1898 712 1957 loco
723 1906 846 1972 praeter
862 1899 1143 1960 consuetudineml
1160 1930 1172 1939 ·

8 1994 22 2029 ἱ
68 1983 216 2064 yfcerit
226 1989 279 2046 aut
288 1979 389 2041 alieno
401 1989 548 2055 ternpore.
577 1979 749 2064 instanti
760 1989 898 2057 ternpore
909 1992 1082 2059 quaeretur,
1100 1998 1173 2042 num

70 2067 113 2146 pl
128 2037 225 2226 &isus
239 2064 287 2138 sit,
300 2081 394 2139 quum
406 2063 546 2139 faciebat,
558 2080 632 2125 num
644 2062 697 2139 qui
708 2064 873 2139 strepitus,
886 2067 1018 2141 clamor,
1029 2065 1173 2142 xcrepitus

35 2211 42 2224 ,
159 2148 302 2211 xauditus
315 2147 368 2223 sit,
386 2155 439 2210 aut
452 2146 586 2224 denique
597 2164 671 2209 num
682 2146 757 2223 quid
767 2147 872 2224 aliquo
885 2165 982 2209 sensu
991 2158 1173 2224 perceptum

55 2227 89 2272 t
110 2255 113 2257 ’
133 2234 195 2307 isit,
213 2237 356 2306 aspectu,
374 2230 495 2305 auditu,
513 2238 605 2306 tactu,
636 2233 746 2305 odore,
769 2240 907 2305 gustatu,
920 2249 991 2296 narn
1003 2232 1105 2307 quivis
1117 2231 1173 2292 ho-

29 2339 44 2368 ν.
60 2331 62 2338 ’
127 2305 207 2375 ‘rum
218 2330 331 2374 sensns
342 2322 446 2389 potest
457 2313 594 2374 conflare
603 2312 824 2387 suspicionem.
835 2315 869 2373 In
879 2314 1089 2393 consequenti
1098 2323 1172 2375 tem-

138 2414 216 2474 pore
235 2397 436 2471 spectabitur,
453 2414 526 2457 nurn
547 2396 620 2472 quid
637 2411 673 2454 re
691 2404 845 2457 transacta
861 2396 1000 2458 relietum
1012 2398 1068 2469 sit,
1090 2398 1175 2471 quod

56 2539 64 2552 ,
138 2480 255 2545 indicet
275 2488 327 2541 aut
348 2481 462 2541 lactum
482 2496 555 2542 esse
581 2478 766 2540 maleficium
779 2487 841 2540 ‘aut
860 2497 881 2542 a
902 2497 965 2556 quo
989 2481 1103 2542 lactum
1125 2478 1174 2540 sit.

53 2551 68 2588 f
112 2559 265 2620 «Factum
277 2555 428 2626 essehoc
440 2555 549 2613 modo:
566 2553 723 2612 situmore
735 2559 766 2610 et
776 2552 876 2611 livore
886 2550 1176 2610 decoloratumeor-

28 2715 32 2724 f
51 2683 73 2730 υ
125 2617 198 2726 {pus
213 2637 553 2713 estmortui,significat
566 2635 767 2696 eumneneno
781 2642 935 2694 necatum.
951 2633 1049 2709 Aque
1062 2635 1177 2693 lactum

33 2751 40 2770 x
107 2773 111 2776 i
135 2723 188 2800 ¹sit,
201 2722 261 2782 hoc
272 2723 381 2781 modo:
401 2722 428 2780 si
439 2724 543 2791 telum,
557 2720 584 2779 si
595 2719 823 2790 vestimentum,
836 2719 864 2777 si
876 2716 951 2791 quid
966 2717 1118 2778 eiusmodi
1128 2733 1174 2775 re-

136 2805 244 2867 lictum
255 2805 295 2866 sit
306 2811 359 2863 aut
371 2803 399 2863 si
409 2803 574 2878 vestigium
581 2802 649 2875 [rei]
657 2809 824 2878 repertum,
831 2800 859 2860 si
871 2816 964 2860 cruor
974 2800 1005 2858 in
1012 2799 1176 2858 vestimen·

136 2887 188 2954 tis,
206 2886 233 2945 si
247 2886 278 2943 in
294 2900 332 2941 eo
348 2886 418 2943 loeo
435 2886 679 2957 comprehensus
695 2891 749 2943 aut
762 2883 851 2943 visus
866 2889 1024 2941 transacto
1041 2881 1177 2955 negotio,

84 2989 101 3044 t,
143 2977 207 3038 quo
225 2960 257 3019 in
276 2961 345 3018 loco
362 2971 414 3017 res
426 2966 514 3032 gesta
524 2960 642 3019 dicitnr.
669 2959 930 3046 chtiopst,
949 2977 1043 3036 quum
1055 2960 1175 3036 quaeri·

9 3111 11 3120 y
41 3043 103 3104 '2'21‘
140 3055 201 3120 tur,
214 3058 294 3119 quae
307 3039 397 3115 signa
407 3041 549 3103 nocentis
561 3049 591 3116 et
602 3040 776 3102 innocentis
796 3041 947 3118 consequi
964 3039 1094 3106 soleant.
1114 3048 1175 3114 Aa·

8 3127 24 3202 ,³
82 3147 86 3156 ·
108 3133 268 3216 {pensator
279 3122 370 3197 dicet,
382 3122 409 3183 si
421 3123 548 3200 poterit,
566 3124 792 3199 adversarium,
812 3141 905 3199 quum
917 3127 957 3187 ad
968 3144 1039 3188 enm
1052 3138 1176 3191 ventum

142 3211 192 3285 sit,
211 3209 388 3283 erubuisse,
406 3208 614 3285 expalluisse,
632 3208 799 3283 titubasse,
819 3208 1028 3274 inconstanter
1041 3215 1176 3275 locutum

141 3311 232 3369 esse,
251 3292 443 3366 concidisse,
462 3292 629 3368 pollicitnm
650 3310 723 3355 esse
740 3292 872 3369 aliquid;
896 3313 976 3371 quae
995 3296 1084 3371 signa
1102 3314 1174 3357 con-

143 3377 291 3440 scientiae
313 3377 382 3438 sint.
415 3375 450 3436 Si
466 3393 539 3442 reus
559 3380 668 3440 horum
686 3376 761 3438 nihil
774 3380 895 3453 lecerit,
918 3390 1081 3440 aecusator
1094 3380 1176 3437 dicet

142 3477 213 3522 eum
233 3477 334 3601 usqtlre
351 3461 430 3521 adeo
447 3464 701 3535 praemeditatum
719 3460 832 3541 luisse,
850 3463 924 3537 quid
942 3462 1002 3522 sibi
1020 3468 1104 3518 esset
1116 3471 1176 3513 usu

186 3559 278 3602 cicun.
312 3588 318 3602 .
952 3552 971 3600 a
