2575 3892
148 230 181 276 ,v
483 213 674 266 raocuumu
692 213 853 265 noricam.

147 369 276 430 amanet,
295 374 322 416 at
338 368 387 417 iarn
399 368 507 428 puerilia
524 374 567 417 tua
585 382 635 418 acor
653 369 735 430 poerit
751 369 848 432 aliquid
862 369 1007 432 aipnr‘lioore
1026 368 1130 419 inimicia
1147 384 1191 419 no·

146 437 218 494 atrio,
237 437 359 500 quidnam,
378 450 448 499 praru
466 451 494 485 oe
512 436 693 494 corroborarit,
707 438 829 499 efferarra
840 451 895 486 carc
907 437 1031 487 uideatrm.
1051 435 1089 485 Gi.
1103 437 1189 489 Lexic.

146 503 191 555 lat.
209 503 272 568 ling.
289 512 403 553 nostmm
420 503 471 553 voi.
491 504 516 555 l.
534 520 561 570 p.
581 502 633 557 298
651 520 689 568 aq.
708 505 803 554 Eidem
818 506 843 565 S.
861 504 972 553 extremi
990 506 1094 569 scripsit
1112 508 1135 555 ri
1147 521 1190 556 no·

146 579 226 621 atram
251 587 353 622 caueam
375 573 504 623 laudando
526 576 634 624 telleneu
656 573 822 636 plurimorum
845 580 869 620 et
893 575 1046 637 optimorum
1069 574 1190 622 librorum

146 641 303 701 auctoritate,
321 641 390 703 quod
407 643 455 690 etsi
470 651 538 692 recte
553 644 617 690 inter
631 655 659 689 se
671 642 794 690 extollere
806 648 831 689 et
842 641 1188 706 deprimere'opponerentur,

145 716 231 758 tamen
247 724 297 759 non
315 712 398 759 minus
415 725 457 760 vv.
475 709 603 759 lmrdando
620 709 707 758 tollere
726 717 751 757 et
765 702 820 771 ped
835 713 1033 772 contemptionem
1050 712 1189 772 deprimere

147 779 254 828 eundem
266 778 433 843 oppositionis
452 779 574 827 rationem
590 777 733 829 conficiunt.
753 792 775 828 c.
790 776 817 830 6.
834 779 858 838 S.
876 777 917 830 10.
933 779 1007 828 omisi
1020 780 1125 828 verbum
1142 795 1188 828 eae-

145 847 272 898 ordiemur
293 853 353 911 post
370 845 459 894 verba:
484 846 516 895 ab
534 848 620 910 aliqua
638 861 681 905 re,
704 862 768 909 quoe
785 849 861 896 mian
878 861 974 896 nwoere
988 848 1085 909 possit,
1110 847 1188 910 vulgo

144 916 266 981 positum,
284 915 344 977 quia
359 913 386 962 id
394 913 499 963 verbum
517 915 585 965 omni
602 914 722 963 libromm
740 916 886 964 auctoritaie
904 915 1054 973 destituitur,
1073 923 1099 963 et
1114 915 1189 963 facile

145 984 242 1045 aliquid
260 983 330 1032 verbi
347 994 364 1031 a
382 983 508 1031 communi
524 982 631 1047 intelligi
645 989 739 1046 potest.
759 999 781 1034 c.
797 980 824 1036 7.
835 984 860 1044 5.
873 983 914 1035 ll.
931 982 1047 1032 Lambini
1061 984 1187 1032 coniectu·

145 1058 322 1119 ramsecutus
341 1051 432 1114 scripsi
449 1052 475 1099 in
492 1051 597 1100 dicendo
614 1053 749 1113 pervertere
764 1067 811 1116 pro
828 1051 931 1116 uolgato
949 1054 975 1101 in
994 1052 1094 1100 dicendi
1110 1067 1188 1113 opere

138 1121 291 1183 peruenire,
316 1118 385 1181 quod
408 1118 466 1168 libri
487 1133 537 1169 noa
554 1119 619 1178 hoc,
645 1119 692 1168 sed
715 1121 739 1168 in
762 1120 862 1170 dicendi
884 1135 960 1182 opere
978 1123 1062 1171 uenire
1083 1118 1186 1171 habent.

141 1185 212 1238 Ibid.
234 1188 297 1236 duas
319 1188 524 1250 interpolationes
546 1188 636 1237 induxi
659 1196 684 1236 et
705 1189 814 1251 primum
839 1189 914 1237 verba
936 1190 1024 1239 leuiter
1046 1195 1187 1238 conmotam

143 1256 219 1320 volgo
231 1263 290 1320 post
304 1255 395 1305 verba:
413 1253 476 1304 Item
489 1256 559 1315 illud,
578 1271 625 1320 qao
640 1258 726 1320 posita
742 1257 832 1315 delevi,
851 1256 943 1306 deinde
956 1258 1048 1307 verba:
1067 1259 1134 1321 quod
1146 1272 1187 1307 ae-

141 1331 259 1386 paratum
276 1330 393 1380 vocantu·
413 1326 440 1374 in
460 1339 508 1389 qao
532 1326 605 1375 ctiam
628 1327 775 1375 translatum
797 1326 940 1383 includitur,
960 1325 1061 1377 sustuli.
1081 1324 1188 1375 Omma

142 1391 214 1455 haec,
234 1406 300 1454 quac
319 1400 403 1441 carent
419 1392 540 1442 librorum
556 1393 708 1454 testimonio,
726 1409 758 1443 cx
773 1394 817 1448 iii)⁴
834 1394 867 1443 de
884 1395 973 1445 irruent.
987 1395 1007 1454 Ι,
1020 1390 1061 1456 18,
1076 1390 1120 1444 26.
1136 1393 1187 1442 huc

142 1460 212 1509 illata
229 1467 296 1510 sunt.
332 1462 398 1509 Inter
414 1460 479 1510 haec
496 1463 574 1511 verba
592 1470 676 1510 autem
695 1463 785 1526 scripsi
804 1469 850 1511 aut
862 1464 958 1512 niarium
979 1463 1075 1526 lonpnm
1097 1470 1187 1512 estex

143 1529 246 1592 optimis
266 1537 290 1578 ct
307 1528 424 1592 plurimis
440 1529 510 1579 libris
528 1545 574 1594 pro
592 1531 695 1595 volgata
711 1532 850 1595 scriptura:
875 1538 921 1580 aar
936 1533 1007 1580 nimis
1024 1533 1121 1595 lonpnm
1138 1538 1184 1581 eet.

140 1598 173 1648 V.
191 1596 236 1649 lib.
256 1595 281 1649 l.
299 1612 321 1648 c.
343 1595 367 1648 l.
387 1599 412 1658 S.
432 1598 457 1648 1.
477 1614 508 1648 ne
523 1601 619 1648 nimium
640 1602 715 1664 lampa
731 1606 844 1649 summor
860 1601 951 1650 oratio
980 1607 1004 1648 et
1021 1600 1072 1652 llic.
1091 1614 1130 1661 ep.
1151 1599 1187 1647 ad

140 1664 195 1716 Ait.
211 1661 336 1724 x11,18,
355 1665 381 1714 1.
401 1667 469 1730 qnod
487 1668 546 1716 mili
565 1675 645 1718 tomen
662 1669 758 1717 nimitum
772 1669 868 1732 lonpum
884 1668 992 1720 uidetur.
1014 1683 1037 1719 c.
1054 1666 1081 1719 8.
1100 1669 1125 1728 §-
1141 1665 1184 1718 12.

140 1748 191 1783 non
210 1733 285 1783 credo
304 1734 438 1784 verbovel
453 1737 603 1787 laudationis
622 1738 649 1786 in
665 1738 753 1800 paucis
770 1736 841 1786 libris
859 1738 952 1786 omissa
973 1738 999 1785 in
1014 1737 1186 1799 suspicionem

140 1801 341 1867 interpolationis
360 1800 475 1855 vocanda
491 1821 549 1854 esse
565 1814 710 1872 propterca,
725 1805 795 1868 quod
813 1813 856 1854 ant
873 1811 977 1870 propter
993 1803 1185 1853 similitudinem

139 1871 344 1919 terminationem
361 1879 405 1921 aut
422 1875 499 1922 etiam
515 1874 573 1923 ideo
592 1875 674 1922 omitti
694 1878 826 1937 poteraut,
851 1873 920 1934 quod
937 1874 977 1921 uel
993 1871 1130 1936 particula,
1157 1873 1185 1921 in
1251 1902 1255 1910 ·

138 1936 189 1989 hoc
205 1940 319 1988 membro
337 1954 383 2003 per
403 1954 431 1990 se
448 1942 580 2005 aptissima
589 1940 707 1989 'librariis
723 1947 781 2003 post
798 1948 843 1989 ant
855 1966 891 1976 -
905 1948 995 1989 aut-
1008 1947 1053 1989 aut
1066 1947 1185 2005 suspects
1273 1960 1278 1979 ι

139 2007 281 2058 videbatur.
301 2007 477 2069 o.1o.§.16.
499 2009 629 2071 artificium
646 2022 679 2056 cx
697 2008 799 2071 optimis
818 2015 842 2056 et
858 2008 973 2073 plurimis
991 2008 1061 2057 libris
1082 2010 1183 2074 scripsi,

139 2076 199 2137 quia
222 2073 265 2124 hic
286 2091 337 2126 aon
356 2084 409 2125 tam
428 2077 460 2127 de
478 2078 577 2140 officio,
602 2090 678 2138 quam
697 2076 729 2126 de
748 2077 846 2125 ratione
866 2077 1014 2141 disciplinae
1032 2091 1115 2126 sermo
1134 2083 1182 2129 est.
1276 2116 1277 2121 ¹

137 2144 171 2195 V.
189 2143 256 2193 inira
273 2144 316 2205 ΙΙΙ,
338 2145 361 2209 1,
379 2145 405 2198 l.
423 2145 454 2197 cl.
472 2143 580 2205 11‚1‚1.
599 2146 623 2205 S.
638 2140 680 2197 17,
700 2143 791 2193 retinui
808 2144 910 2207 quidem
928 2145 1057 2209 volgatam
1073 2147 1182 2211 scriptu-

137 2226 193 2260 ram
201 2221 327 2273 perorato
339 2215 496 2274 comotione,
510 2227 664 2276 quarequam
678 2229 709 2263 ex
725 2212 844 2263 librorum
861 2214 985 2279 vestigiis,
999 2231 1021 2263 v.
1034 2213 1058 2266 Ῑ.
1073 2215 1104 2266 G·
1118 2214 1183 2265 Bai-

137 2282 187 2329 teri
207 2280 273 2332 Vor.
288 2283 345 2332 lect.
359 2282 395 2331 od
411 2282 475 2333 niet.
493 2282 530 2331 ad
543 2281 609 2334 Her.
627 2282 706 2332 libror
716 2280 736 2329 I
736 2282 769 2330 V.
778 2296 806 2347 p.
819 2281 845 2334 5.
863 2291 887 2331 et
903 2280 1053 2345 Oudendorp
1070 2283 1104 2333 ad
1120 2281 1146 2333 h.
1162 2282 1181 2332 l.

136 2363 163 2412 p.
177 2346 220 2401 31.
233 2350 275 2401 ed.
285 2350 412 2410 Liuiam,
433 2358 538 2416 apparet
553 2365 604 2401 non
620 2350 678 2410 hoc,
697 2351 744 2401 sed
756 2352 932 2416 compendium
949 2352 1077 2414 quoddam
1093 2353 1119 2399 in
1137 2365 1182 2399 an·
1275 2374 1276 2379 =

137 2417 207 2478 tiquo
226 2417 291 2468 libro
310 2417 400 2470 luisse.
435 2419 464 2470 ld
481 2434 531 2469 non
551 2420 650 2469 videtur
661 2427 723 2481 poet
739 2422 909 2470 narrationem
916 2457 930 2479 ,.
940 2429 968 2469 ut
985 2421 1012 2469 in
1028 2419 1182 2483 quibusdam
1275 2424 1276 2455 l

136 2484 208 2535 libris
226 2488 380 2550 explicatum
396 2494 449 2553 est,
469 2488 557 2546 luisse,
578 2488 624 2538 sed
640 2484 707 2546 eim,
726 2489 744 2540 i.
762 2504 785 2541 e.
802 2489 933 2539 secumdam
951 2491 1128 2538 narrationem.
1147 2489 1180 2540 V.

136 2553 179 2605 lib.
200 2554 231 2605 11.
247 2570 269 2606 c.
289 2552 315 2607 9.
333 2556 359 2616 5.
380 2552 433 2614 13..
452 2557 495 2606 ubi
519 2556 606 2620 plures
630 2555 688 2605 libri
713 2557 803 2606 ecdem
819 2558 895 2607 modo
912 2559 1015 2607 turbant
1031 2564 1055 2606 et
1073 2558 1099 2607 in
1117 2556 1180 2607 libro

135 2620 273 2672 Trossiano
291 2624 424 2672 secandum
439 2638 486 2689 per
503 2632 563 2687 pust
581 2627 723 2688 exponitur.
750 2626 781 2684 ll,
799 2623 843 2685 30,
861 2622 916 2686 47..
934 2627 978 2676 ubi
996 2626 1086 2676 eodem
1103 2627 1180 2675 modo

134 2703 181 2754 pro
204 2692 288 2741 verbis
306 2693 439 2742 terrendam
455 2694 627 2743 narrationem
647 2695 672 2743 in
691 2692 753 2746 Cod.
773 2693 871 2746 Claudii
889 2694 995 2744 Puteani
1013 2696 1181 2744 damnatione

135 2771 209 2822 apr.
226 2773 312 2819 manu,
330 2762 356 2808 in
374 2760 428 2812 Eri.
445 2776 498 2810 cam
511 2763 659 2812 narratione
676 2777 728 2812 non
744 2764 806 2812 satis
822 2763 947 2813 intellecto
964 2777 982 2811 a
998 2762 1109 2813 librariis
1127 2764 1180 2812 usi-

134 2832 188 2876 tato
205 2828 354 2892 compendio
373 2831 495 2895 scriptum
513 2838 561 2881 est.
586 2831 647 2879 item
665 2831 708 2884 lib.
727 2832 771 2883 lv.
791 2847 814 2883 c.
833 2828 876 2882 40.
893 2833 918 2893 s.
938 2828 992 2893 51..
1008 2832 1053 2880 ubi
1067 2833 1092 2881 in
1109 2832 1180 2881 libris

134 2896 265 2959 permultis
284 2911 329 2960 pro
348 2899 481 2948 secandum
505 2901 675 2950 narrationem
699 2900 792 2964 legitur
815 2901 871 2949 dorm
889 2902 1059 2950 narrationem
1076 2907 1181 2964 propter
1273 2948 1274 2952 ,

135 2961 204 3012 idem
222 2964 410 3029 compendium.
432 2981 454 3019 c.
470 2968 511 3020 ll.
530 2969 555 3028 S.
576 2964 617 3019 18.
637 2969 681 3017 ubi
698 2967 774 3033 volgo
793 2969 930 3020 edebatur:
950 2985 964 3017 e
981 2982 1089 3030 corpore
1106 2969 1180 3017 telton

132 3039 260 3082 mentum
276 3030 374 3093 educit,
398 3032 454 3085 libri
472 3051 559 3085 omnes
577 3052 591 3086 e
608 3037 822 3100 praepositionem
838 3039 968 3094 omittunt,
994 3036 1063 3096 quod
1084 3037 1179 3101 recepi.

132 3099 166 3150 V.
186 3101 260 3166 Virp.
279 3100 346 3153 Aen.
365 3102 403 3161 X,
423 3100 483 3155 744.
505 3105 564 3155 Hoc
585 3105 671 3155 dicens
693 3104 783 3154 eduxit
798 3119 905 3167 corpore
922 3104 1004 3155 telum,
1032 3105 1100 3157 Plin.
1119 3104 1178 3159 nat.

132 3176 185 3222 nat.
204 3170 264 3228 VH,
283 3167 318 3221 20
335 3167 412 3236 (19),
429 3168 473 3225 83.
493 3173 521 3224 0.
542 3173 661 3224 Milonem
677 3172 804 3233 atltletam,
830 3189 901 3238 qutun
917 3173 1082 3233 coralitiraet,
1108 3189 1178 3226 nemo
1272 3166 1273 3221 3

82 3292 86 3299 .
131 3239 233 3301 aeotipio
251 3239 382 3291 educebat.
414 3241 503 3291 Paullo
519 3249 577 3306 post
593 3242 687 3291 retinui
705 3241 816 3290 omnium
834 3256 915 3306 paene
928 3243 1051 3292 librorum
1068 3245 1178 3308 scriptu·

131 3318 199 3353 ram:
217 3306 294 3367 Quum
309 3308 419 3371 fratrem
435 3313 548 3371 acuerat,
568 3312 688 3360 iniuricrrm
702 3310 796 3372 fratris
814 3326 867 3361 crem
882 3312 966 3376 plodio
981 3319 1085 3362 maenio
1100 3313 1177 3379 ridet,
1219 3316 1222 3325 '

130 3374 221 3435 capitia
237 3379 352 3430 arcersit.
386 3378 485 3429 Etenim
503 3379 565 3429 illud
581 3380 680 3444 ipsum,
707 3379 776 3442 qnod
795 3381 907 3430 inlibris
925 3381 982 3431 aliis
1001 3381 1041 3430 vel
1056 3382 1118 3432 uidit
1135 3383 1178 3432 vel

131 3442 228 3493 uideret
245 3445 284 3493 vel
302 3447 388 3497 uideat
403 3450 524 3513 scriptum
542 3455 588 3509 est,
608 3447 717 3497 ostendit
736 3450 884 3513 particulam
901 3466 973 3516 quum
991 3459 1049 3501 unte
1065 3452 1176 3514 fratrem
