2575 3892
481 220 673 273 PROOEMIUM
688 219 845 275 EDITDRIS.
1124 239 1184 282 xm

140 373 205 424 ὸεπε
226 378 327 423 umber
350 374 512 425 scribendum
528 380 567 423 ει
578 374 649 423 libris
667 382 729 423 erat.
761 389 782 428 o.
801 371 845 428 22.
863 375 890 435 S.
907 370 950 429 31.
970 378 1123 438 confirmauit
1137 390 1183 440 pro

139 442 304 504 conforrnocit
320 444 414 492 retinui
430 450 533 507 propter
554 442 674 491 librorum
698 443 887 501 anctoritatem,
908 459 931 494 r.
948 442 1011 495 Lex.
1031 444 1086 495 Lat.
1105 452 1183 495 nostr.

139 527 164 561 s.
180 527 205 559 v.
217 506 342 571 confirmo.
362 510 422 561 Mox
434 511 609 572 Macedonum,
626 510 696 573 quod
712 519 749 559 est
767 512 794 559 in
810 510 881 559 libris
894 511 1015 575 explicari
1027 529 1077 563 uon
1089 522 1182 578 potest,

140 581 227 641 itaque
252 579 296 627 alii
321 579 390 629 aliud
407 580 476 629 verbi
499 580 698 636 substituerunt,
722 593 787 641 qnae
803 586 888 627 umen
903 580 996 629 incerte
1015 582 1099 630 omnia
1115 590 1182 633 suut.

140 649 261 697 Fortasse
274 649 377 711 scripsit
388 645 490 698 cleas:
508 649 660 699 Alexandro
674 650 699 697 ai
714 650 768 698 uita
780 647 843 696 dota
859 648 956 710 lonpr'or
973 657 1047 711 canet,
1061 650 1184 702 Oceanum

143 715 253 767 Macedo
271 731 327 764 nucu
342 719 539 768 transnatasset?
554 733 579 766 r.
592 718 644 768 Cic.
657 718 690 767 de
699 718 749 770 ino.
761 717 781 781 Ι,
795 712 821 775 8,
835 714 877 765 ll.
896 731 920 764 c.
930 712 974 764 24.
985 719 1009 777 S.
1022 715 1066 771 33.
1077 722 1181 785 scripsi:

142 784 206 834 Non
227 784 292 833 Nam
309 785 348 834 liic
368 786 465 851 quidem
481 793 539 836 ante
556 790 639 836 aeuus
655 794 751 837 cesum
764 785 884 851 ammodo
894 786 994 846 oiaait,
1012 789 1081 836 raab
1091 802 1181 845 onmes,

140 867 188 918 pro
206 853 323 917 volgato:
343 855 380 904 Αι
395 855 435 904 lic
451 856 551 919 quidem
562 864 608 905 etc.
627 855 691 905 Nam
708 871 787 919 quum
811 856 837 903 iu
856 854 974 903 omnibns
991 854 1061 903 libris
1079 871 1129 905 uon
1146 863 1182 920 at,

140 923 189 972 sed
207 937 264 971 nam
284 922 398 988 legatur,
424 924 633 973 verisimillimum
653 933 705 986 est,
731 933 789 974 ante
805 922 856 973 hcc
872 924 978 973 verbnm
994 938 1042 973 non
1062 938 1094 973 ex
1111 925 1181 973 libris

140 991 275 1049 excidisse,
291 993 360 1053 qnod
378 992 451 1041 offert
469 993 526 1042 cod
542 993 618 1043 Voss.
637 995 657 1042 Ι.
677 1002 701 1042 ει
720 993 850 1043 confirmat
867 992 939 1042 Leid.
960 993 990 1045 ll.
1007 1009 1056 1044 non
1071 994 1183 1058 equidem

141 1058 277 1118 exhibens;
296 1060 370 1111 iacile
387 1063 455 1110 cuim
466 1077 523 1111 cum
542 1064 665 1126 scriptum
682 1066 798 1112 essetne
816 1066 850 1110 nd
868 1062 975 1110 alterum
994 1064 1116 1112 omissum
1133 1070 1180 1114 est.

140 1127 236 1177 Eodem
252 1129 328 1178 modo
345 1128 411 1178 inira
423 1129 527 1180 dicitur:
546 1129 617 1181 Non:
633 1147 690 1180 nam
707 1131 869 1181 indenmamum
882 1132 985 1180 necasti.
1006 1147 1029 1179 c.
1040 1130 1084 1183 25.
1099 1134 1123 1193 S.
1135 1128 1179 1182 35.

140 1197 255 1246 concessi
278 1197 349 1248 libris
371 1200 482 1249 maxime
501 1198 674 1265 Oudendorpii
692 1200 802 1250 dolorum
816 1213 862 1263 pro
878 1199 990 1249 laborum
1007 1200 1180 1250 offerentibus.

140 1264 223 1330 Saepe
237 1267 289 1316 isto
305 1268 383 1317 verbu
398 1275 554 1318 commutata
571 1276 638 1318 sunt.
658 1285 682 1317 c.
701 1264 743 1320 Di.
763 1269 788 1328 S.
806 1263 850 1319 37.
870 1270 1012 1319 necessario
1028 1285 1060 1319 ex
1077 1270 1180 1335 optimis

139 1341 166 1382 et
184 1335 300 1398 plurimis
318 1336 390 1385 libris
408 1337 569 1388 scribendum
588 1337 651 1387 luit:
670 1338 822 1387 Disiundrun
839 1344 884 1401 eet,
903 1353 974 1402 mian
991 1345 1038 1389 etc.
1056 1352 1102 1402 pro
1122 1338 1180 1386 Dir-

138 1404 230 1452 iunctio
248 1411 295 1457 eto.
312 1420 363 1454 non
377 1406 471 1472 miuus,
490 1420 566 1469 quom
582 1407 650 1456 inira
668 1422 691 1458 c.
710 1404 753 1457 30.
771 1408 796 1467 S.
815 1403 859 1456 41.
877 1407 1028 1457 Dissolutum
1044 1413 1097 1468 est,
1115 1406 1183 1471 quod

138 1478 187 1523 eto.
212 1470 254 1520 Sic
271 1487 347 1537 supra
363 1490 386 1522 c.
404 1472 448 1529 20.
466 1476 491 1536 S.
509 1470 553 1524 27.
569 1475 714 1525 dicebatur:
733 1476 839 1537 Oonepor
855 1477 1008 1537 appellamur,
1021 1475 1092 1539 quood
1106 1474 1183 1523 babet

138 1546 187 1589 etc.
209 1555 232 1588 c.
251 1536 294 1595 28.
313 1543 338 1602 S.
355 1538 400 1592 ³8.
418 1543 520 1606 plurimi
535 1542 607 1604 libri,
624 1545 651 1592 in
669 1544 761 1606 quibus
780 1545 855 1594 ctiam
872 1543 1042 1606 antiquiores,
1057 1545 1181 1592 murdse·

138 1610 247 1659 rationis
263 1618 374 1673 tuentur,
390 1611 459 1671 quod
474 1612 587 1674 reposui.
611 1613 636 1672 S.
651 1609 695 1663 39.
711 1612 801 1674 scripsi
820 1627 852 1661 ex
867 1610 939 1660 libris
955 1612 1036 1660 notis:
1052 1614 1077 1662 si
1091 1613 1181 1660 multus

138 1691 176 1735 ec,
194 1685 219 1725 ει
234 1684 338 1740 posteo:
359 1679 383 1726 si
401 1684 479 1737 taces,
498 1679 623 1726 sententia
639 1693 691 1726 non
707 1686 812 1729 mutata.
846 1695 870 1726 c.
888 1676 931 1729 29.
949 1681 974 1738 S.
990 1676 1033 1729 39.
1050 1687 1103 1727 erat
1121 1680 1180 1727 reti·

139 1743 268 1804 nendum,
285 1744 355 1803 quod
373 1745 400 1788 in
417 1741 488 1788 libris
505 1743 608 1804 optimis
627 1753 652 1792 et
667 1745 785 1806 plurimis
802 1747 924 1805 scriptum
941 1751 992 1791 est:
1012 1745 1129 1803 Quoniam
1146 1772 1180 1782 —

142 1811 219 1858 solum
234 1813 351 1870 superest
367 1809 462 1855 adunes
480 1815 506 1856 et
525 1823 624 1870 corpus.
656 1811 791 1872 Antiquior
811 1810 924 1859 adverbii
945 1812 1022 1858 soieun
1038 1825 1100 1859 usus
1118 1816 1180 1862 antis

141 1883 217 1925 nctus
235 1885 282 1925 est.
302 1872 363 1926 Mox
381 1876 496 1939 impunite
509 1892 540 1927 ex
554 1876 626 1927 libris
644 1879 784 1943 repositum
802 1886 840 1928 est
858 1892 903 1941 pro
919 1879 1021 1940 inpune.
1041 1880 1066 1940 S.
1079 1876 1122 1933 40.
1141 1896 1180 1930 re-

142 1946 204 2008 liqui
217 1947 319 1995 verbum
333 1960 437 2010 quaero,
456 1954 551 1996 mutato
565 1947 776 2012 interpunctione.
795 1947 840 1996 Est
853 1949 920 1997 enim
939 1949 965 1995 in
981 1947 1051 1998 libris
1063 1950 1180 1999 omnibus

138 2029 186 2065 nec
195 2015 262 2065 unde
271 2017 368 2065 venerit
378 2023 491 2080 apparet.
511 2031 534 2068 c.
544 2013 588 2068 30.
595 2018 622 2078 S.
630 2013 675 2069 41.
694 2016 799 2080 scripsi:
815 2017 868 2065 Hic
882 2018 993 2066 otrodor
1006 2021 1085 2068 tacita
1097 2021 1179 2082 suspi-

137 2085 191 2147 cio,
209 2099 281 2148 quam
298 2084 396 2133 diserta
415 2086 563 2146 explanatio
577 2086 644 2148 sacti
660 2093 712 2149 est,
730 2087 786 2136 sine
802 2085 854 2136 nlla
872 2087 1042 2151 dubitatione,
1060 2088 1091 2153 iu·
1102 2102 1179 2151 quam

138 2154 308 2203 coniecturum
329 2167 408 2216 quum
432 2153 580 2203 incidissem
601 2154 666 2204 hoec
684 2154 784 2218 legens,
808 2154 862 2204 vidi
879 2162 970 2220 postea
987 2153 1106 2205 Orellium
1127 2158 1177 2207 ism

138 2222 198 2272 olim
217 2223 284 2272 idem
305 2223 464 2285 suspicatum
485 2237 551 2272 esse.
582 2221 682 2273 Deinde
698 2231 758 2287 post
775 2225 873 2286 conlidi
891 2224 966 2287 omisi
986 2225 1015 2274 id
1030 2240 1088 2274 cum
1107 2224 1177 2275 libris

137 2289 225 2339 multis
243 2291 365 2340 ethonis
385 2305 407 2339 o.
421 2287 466 2343 31.
483 2291 507 2350 S.
523 2287 568 2340 tt.
586 2291 658 2341 libris
676 2292 726 2341 hoc
742 2293 933 2343 concedendum
946 2301 1007 2353 crat,
1027 2301 1055 2342 ut
1067 2302 1177 2345 enorum

136 2359 288 2409 scriberetur
304 2374 351 2423 pro
370 2358 513 2409 exornabit.
541 2358 637 2410 Deinde
657 2361 831 2425 Piapioappus
848 2362 939 2426 scripsi
956 2377 989 2410 ex
1005 2361 1075 2412 libris
1092 2364 1175 2430 bonis,

136 2430 180 2491 qui
197 2428 291 2478 habent
309 2428 511 2492 Piapiompppua,
529 2427 563 2478 cl.
578 2429 707 2481 Ρνίεείαιι.
716 2429 749 2481 Χ.
769 2426 1075 2495 picturatumque&
1094 2433 1118 2493 S.
1130 2428 1174 2481 45.

136 2500 162 2546 in
178 2498 309 2560 asperiore
322 2511 369 2561 pro
385 2498 411 2545 in
424 2497 596 2559 superioribus
610 2507 648 2547 est
666 2513 679 2547 e
694 2499 765 2548 libris
776 2499 865 2549 multis
877 2507 902 2550 et
912 2500 995 2551 bouis.
1013 2515 1037 2548 c.
1048 2496 1092 2553 34.
1106 2502 1176 2564 quod

136 2567 240 2631 scripsi:
258 2565 300 2614 Ea
313 2563 411 2631 [ipitur]
424 2567 528 2615 sumitur
538 2573 585 2618 etc.
603 2567 632 2616 id
648 2567 770 2618 bonorum
787 2568 907 2621 librorum
924 2570 1066 2618 testimonio
1079 2571 1174 2629 nititur,

136 2650 214 2697 quum
232 2635 334 2699 volguta
350 2635 488 2699 scriptura:
506 2634 550 2684 Ec
566 2636 656 2686 udmur
666 2644 713 2689 etc.
732 2638 758 2686 iu
772 2637 840 2687 nullo
854 2638 917 2687 libro
929 2638 1036 2687 inveniri
1049 2638 1173 2688 videatur.

136 2703 202 2753 Vide
220 2704 286 2753 inira
304 2719 326 2754 c.
339 2698 382 2751 45.
402 2705 426 2764 S.
443 2700 478 2755 59
495 2717 550 2767 sqq.
571 2703 668 2754 Deinde
684 2707 730 2755 uix
746 2707 847 2756 videtur
862 2712 950 2757 veroin
967 2721 1034 2763 esse,
1054 2706 1122 2768 quod
1140 2705 1175 2755 le-

137 2774 205 2836 gitur
222 2774 249 2821 in
266 2772 336 2822 libris
354 2779 380 2820 et
397 2770 550 2823 editionibus
564 2774 693 2824 omnibus:
712 2777 772 2840 quia
785 2777 922 2838 paullulruu
939 2776 965 2823 in
981 2774 1057 2825 rebus
1075 2774 1174 2836 difficil-

138 2839 201 2886 limis
213 2841 344 2899 aepircoit.
362 2839 448 2903 Neque
463 2849 547 2891 tamen
563 2843 637 2892 credo
656 2859 745 2894 venum
755 2844 851 2894 vidisse
862 2843 988 2903 liminum,
1007 2842 1088 2902 quiin
1099 2842 1175 2892 rebus

135 2907 263 2965 facillimus
276 2921 309 2955 ex
320 2906 405 2957 codice
423 2924 469 2959 suo
481 2911 615 2973 protulisse
627 2912 727 2976 dicitur,
744 2912 791 2961 sed
800 2919 863 2975 puto
876 2925 891 2959 a
901 2911 1022 2972 scriptore
1033 2908 1175 2972 proiectum

136 2977 162 3025 in
179 2975 255 3025 rebus
270 2989 320 3025 non
336 2974 494 3038 difficillimis.
513 2977 595 3046 Saepe
612 2982 679 3030 enim
692 2982 731 3029 sie
746 2980 849 3043 negatio
865 2977 1008 3027 oblitterata
1027 2984 1072 3028 est.
1093 2994 1114 3029 c.
1129 2975 1173 3033 35.

135 3047 161 3106 S.
174 3040 218 3096 47.
233 3044 384 3096 Dutributio
402 3053 442 3097 eet
457 3062 527 3113 mun
543 3051 569 3098 in
582 3052 672 3112 plures
688 3064 732 3099 rec
749 3055 805 3105 eto..
824 3048 892 3111 quod
908 3055 947 3095 est
963 3047 990 3095 in
1007 3045 1078 3097 libris
1095 3048 1174 3114 pluri-

135 3114 199 3178 mis,
223 3129 274 3165 non
298 3122 351 3165 erat
374 3116 531 3169 mutandum.
558 3120 714 3180 perplures
732 3117 847 3173 animab
865 3117 1034 3181 iisscriptum
1053 3124 1106 3173 est,
1130 3118 1174 3179 qui

136 3184 254 3234 omissam
268 3183 388 3237 videbant
405 3186 432 3235 in
450 3186 601 3249 quibusdam
618 3186 689 3235 libris
706 3184 864 3249 particulam,
880 3185 948 3248 quod
967 3184 1041 3235 facile
1058 3184 1112 3233 lieri
1127 3198 1174 3248 po·

134 3253 182 3302 tuit
197 3260 257 3317 post
274 3268 353 3317 qurum,
371 3256 463 3304 eierat
481 3256 602 3319 scriptum
620 3254 792 3316 cuminplures.
822 3253 920 3304 Deinde
939 3252 1003 3301 luiso
1020 3254 1174 3316 scripserunt

135 3321 244 3371 editores
261 3323 407 3372 novissimi:
426 3338 457 3372 ne
472 3325 523 3373 iata
538 3339 582 3373 rua
594 3323 747 3382 turpitudine
756 3330 805 3372 etc.
819 3337 852 3371 ex
864 3336 915 3370 uno
929 3320 992 3368 libro
1005 3334 1054 3369 nou
1068 3320 1172 3381 optimo.

134 3389 256 3456 Vulgata:
275 3406 306 3440 ne
321 3391 368 3441 tue
385 3390 432 3441 seed
449 3399 498 3443 etc.
517 3390 658 3439 rectissime
669 3402 696 3436 se
709 3387 791 3438 habet.
816 3388 879 3438 Nam
890 3388 1006 3452 repetitio
1018 3383 1174 3461 pronominis

134 3470 183 3508 nou
195 3458 278 3508 solnm
290 3473 340 3508 nou
354 3458 466 3519 olleudit,
485 3458 619 3507 sedetiam
632 3464 738 3505 exornet
750 3457 899 3506 orationem.
922 3469 970 3504 oua
982 3462 1066 3501 autem
1079 3459 1175 3499 maiore
