2575 3892
425 152 488 202 PElt
505 152 613 204 ANNOS
631 153 786 204 DIGESTA.-
1040 170 1125 211 xxxv

1068 339 1113 372 Anni

1074 379 1110 414 Cic.

261 457 316 519 lial.
341 456 410 507 Sext.
447 459 485 507 lbi
504 466 622 521 quattuor
638 456 774 521 triumphis
796 458 859 505 actis
882 471 936 505 rem
958 456 1039 520 publ,

116 550 123 557 ·
203 572 206 582 J
262 541 387 587 summam
405 533 554 592 potestatem
566 534 665 585 nactus,
685 526 823 579 constituit.
844 525 962 574 Extremo
974 538 1040 572 anno

262 596 295 646 ad
311 596 407 647 bellum
424 595 591 660 Hispaniense
607 595 730 643 adversus
741 593 855 658 Pompeii
872 591 964 642 liberos
981 607 1040 656 pro-

263 666 344 714 fectus
369 673 408 714 est
433 671 458 713 et
480 670 539 728 post
556 661 652 712 XXVII
675 664 730 711 dics
754 663 780 710 iu
800 662 948 727 Hispaniam
963 661 1038 710 venii.

263 734 359 783 Eodem
378 747 443 782 auno
456 731 549 782 (laesor
564 732 646 781 fastos
661 730 770 780 correxit
787 739 812 779 et
829 738 857 778 ut
873 731 899 778 in
911 735 1040 794 posterum

265 818 296 852 ex
313 802 369 850 Kal.
386 803 442 852 lan.
460 809 601 865 temporum
618 802 683 850 ratic
699 798 783 863 magis
801 805 959 863 congrnerct
978 799 1043 846 inter

264 870 398 923 Novembr.
416 879 442 918 et
458 870 591 919 Decembr.
609 883 710 918 menses
731 868 796 918 duos
819 867 883 916 alios
908 865 1041 924 interiecit,

266 942 300 989 ita
323 946 351 988 nt
369 939 412 991 hic
435 953 516 988 annus
539 947 639 988 servato
657 945 744 987 ,vetere
765 950 853 987 mense
874 934 1041 993 intercalario,

204 1030 206 1033 ·
265 1006 321 1058 XV.
337 1009 464 1058 ‘mensium
483 1015 559 1057 esset.
621 1014 624 1017 '
886 1052 888 1054 ,

174 1142 175 1145 ¹
302 1075 388 1126 Cicero
407 1076 432 1125 b.
451 1092 475 1129 a.
495 1077 646 1139 partitiones
665 1076 808 1133 oratorios,
833 1073 924 1123 deinde
946 1072 1043 1120 landem

268 1146 369 1196 Catonis
397 1145 513 1209 scripsit,
542 1145 583 1195 cni
607 1143 701 1193 Caesar
721 1144 891 1198 Anticatonem
916 1141 1041 1206 opposuit.

267 1215 364 1264 Deinde
387 1215 490 1279 scripsit
510 1211 643 1263 Oratorem
665 1213 699 1262 ad
719 1213 753 1261 M.
778 1212 896 1271 Brutum,
921 1211 965 1273 qui
990 1217 1042 1257 tum

267 1282 364 1333 Galliac
391 1280 535 1347 Cisalpinae
560 1288 684 1346 praeerat.
730 1280 797 1333 Prid.
823 1279 878 1330 Kal.
902 1279 1042 1328 intercalar.

265 1354 363 1418 priores
385 1351 454 1417 apud
471 1350 603 1400 Caesarem
621 1349 710 1399 habuit
728 1351 865 1399 oraticnem
886 1363 933 1413 pro
951 1347 981 1408 Q.
1000 1347 1045 1395 Li-

203 1418 204 1423 ’
264 1423 348 1487 perio,
366 1434 441 1484 quern
460 1418 489 1478 Q.
507 1419 596 1469 Aelius
611 1418 709 1468 Tubero
726 1426 898 1468 accusaverat.
926 1417 1045 1465 Extremo

71 1541 153 1597 a
197 1542 234 1595 a
267 1505 340 1612 tri
424 1486 908 1619 inuniriinliniri.
1082 1541 1116 1597 a

373 1626 486 1689 Lepidae
502 1628 570 1694 Mag.
588 1629 719 1691 Equitum.

306 1696 403 1745 Goesor
418 1696 487 1745 amnt
502 1698 548 1748 lV.
569 1696 657 1747 consul
674 1698 728 1746 aine
745 1697 841 1760 eollepa
858 1695 917 1757 suit.

309 1761 413 1820 Cacsar,
432 1764 502 1812 victis
519 1766 547 1815 in
562 1764 685 1832 Hispania
702 1764 817 1828 Pompeii
834 1762 906 1823 filiis,
929 1761 1006 1810 Sexto
1023 1767 1047 1808 et

272 1829 372 1890 Gnaeo,
390 1845 479 1880 mcusc
495 1832 594 1885 Octobri
612 1835 719 1884 Romam
735 1847 851 1883 reversus
870 1829 1001 1882 consulatu
1020 1843 1048 1876 se

272 1900 372 1950 abdicat
389 1906 414 1949 et
424 1900 453 1960 Q.
468 1899 572 1952 Fabium
590 1903 731 1953 Maximum
749 1911 773 1952 et
789 1901 817 1952 Ο.
830 1900 983 1951 Trebonium
999 1897 1048 1949 sibi

270 1968 375 2018 sufficit.
415 1969 508 2021 Ultimo
531 1979 616 2021 autern
639 1971 785 2022 Decembris
808 1971 850 2020 dle
872 1984 930 2020 cum
955 1967 1048 2017 Fabius

270 2038 430 2098 decessisset,
449 2039 590 2088 Trebonius
608 2052 669 2089 vcro
687 2042 797 2099 abesset,
816 2039 844 2088 G.
862 2038 980 2088 Caninius
998 2035 1048 2086 Re-

269 2106 337 2157 bilus
355 2108 444 2157 consul
467 2109 632 2172 renuntiatur,
669 2110 726 2168 qui,
750 2117 780 2156 ut
799 2106 886 2157 Cicero
910 2107 1048 2163 iocabatur,

269 2177 334 2226 adeo
350 2175 463 2241 vigilans
482 2174 572 2224 consul
589 2173 653 2234 fuit,
670 2180 699 2222 ut
713 2180 766 2224 toto
784 2175 915 2224 consulatu
932 2188 1048 2224 somnum

269 2260 318 2295 nnn
336 2245 440 2295 viderit.
779 2238 783 2241 Α

304 2313 392 2364 Cicero
410 2311 482 2360 initio
500 2309 527 2359 h.
540 2325 564 2359 a.
584 2309 624 2361 vel
642 2312 899 2376 superioreexeunte
914 2314 993 2359 missa
1003 2310 1049 2358 Te-

270 2384 351 2432 rentia
373 2380 511 2432 Publiliam
534 2394 639 2431 uxorem
659 2380 746 2441 duxit,
770 2381 843 2429 cuius
859 2380 926 2429 bona
942 2379 1017 2428 heres
1034 2393 1050 2426 a

271 2458 342 2515 patre
362 2449 615 2501 fideicommissarius
631 2448 741 2499 «relictus
764 2449 928 2499 custodiebat.
966 2446 1049 2497 Tullia

272 2520 327 2568 eius
345 2517 407 2579 filia,
425 2527 485 2584 post
502 2518 639 2568 divortium
658 2534 715 2568 cum
731 2518 861 2569 Dolabella
878 2518 981 2577 factum,
1000 2517 1050 2565 llo-

272 2600 330 2637 rnae
346 2586 452 2637 filiolum
469 2588 568 2652 peperit
586 2594 612 2636 et
626 2588 713 2652 paullo
731 2596 790 2653 post
807 2587 875 2638 diem
887 2588 949 2637 obiit
960 2600 1049 2650 supre-

274 2670 350 2703 mum.
380 2655 465 2707 Cicero
482 2656 644 2706 vehementer
662 2658 716 2706 eius
732 2664 812 2706 morte
830 2656 949 2715 afflictus,
966 2652 1050 2703 Publi-

273 2723 309 2771 lia
326 2724 445 2784 dimissa,
461 2724 570 2775 Asturae
588 2740 617 2774 se
634 2727 704 2776 abdit
723 2725 887 2787 doloremque
901 2739 975 2774 suum
993 2734 1051 2784 par-

275 2791 322 2836 tim
340 2791 393 2840 isui
409 2792 506 2842 Tulliae
524 2795 638 2860 erigendi
657 2795 772 2857 consilio,
791 2795 882 2858 partim
899 2793 971 2840 libris
989 2789 1051 2837 scri·

277 2856 367 2904 bendis
384 2858 462 2908 lenire
477 2862 586 2914 studet.¹
624 2862 733 2926 Scripsit
750 2863 828 2926 igitur
843 2860 871 2908 h.
890 2874 913 2907 a.
933 2858 1051 2908 Consola-

276 2925 363 2973 tionem
379 2939 400 2975 s.
418 2925 507 2977 librum
525 2930 557 2979 de
574 2931 644 2980 luctu
660 2929 806 2987 minuendo,
824 2927 901 2975 libros
918 2926 950 2975 de
961 2923 1052 2988 finibus

275 2992 391 3044 bonoram
408 3001 434 3045 ei
447 2999 585 3059 nwloram,
596 2998 802 3048 Academicorum
825 2995 913 3049 libros.
990 2993 1052 3043 Ani-

274 3078 344 3113 mum
368 3065 444 3114 etiam
467 3066 559 3116 adiecit
581 3067 646 3116 libro
669 3066 702 3115 ad
726 3066 859 3117 Caesarem
878 3064 910 3114 dc
933 3079 961 3113 re
978 3063 1049 3128 publ.

274 3132 414 3185 ordinanda
430 3135 573 3185 scribendo.
609 3134 697 3183 Mense
711 3136 794 3200 Aprili
810 3134 890 3183 filium
907 3148 982 3183 suurn
998 3139 1052 3182 stu-

273 3201 372 3251 diorum
391 3217 467 3252 cause
485 3202 598 3252 Athenas
622 3202 712 3261 mittit;
737 3211 762 3253 et
779 3202 864 3269 paullo
882 3209 942 3266 post
958 3203 1053 3250 Astura

275 3268 383 3320 discedit
414 3271 578 3333 reliquosque
604 3284 704 3319 menses
730 3275 823 3335 partim
848 3272 874 3318 in
898 3268 1052 3328 Tusculano,

301 3416 322 3468 1)
337 3418 403 3462 ruse.
420 3417 457 3461 lV.
473 3416 509 3461 29.
527 3416 556 3456 ad
570 3419 617 3459 Ati.
633 3416 683 3461 xlt.
701 3418 732 3460 15.
747 3421 769 3458 et
783 3417 817 3458 36.

917 3474 960 3527 0*
