2575 3892
334 185 451 245 LIBER
465 186 517 243 lv.
540 185 623 244 οΑΡ.
638 192 760 247 tis-oe.
782 189 809 250 s,
825 193 945 247 εε-εε,
1113 184 1156 249 93

112 341 205 401 ditur.
240 339 317 398 Hac
328 338 369 398 uti
391 334 520 395 maxime
544 333 689 395 convenit
703 340 734 393 et
747 331 780 392 id
794 340 843 393 est
856 332 988 394 oratoris
1003 333 1077 395 boni
1092 351 1155 395 ma·
1198 406 1203 413 ⁵

113 423 197 485 xime
218 420 386 498 proprium.
421 419 489 478 Non
510 415 592 476 enim
613 416 702 477 datur
722 415 854 476 auditori
867 424 1006 491 potestas
1020 412 1195 481 animuw'‘

113 510 204 568 dere
218 503 394 566 firmissima
409 499 604 565 demovendi.
634 498 713 559 Huic
728 501 903 574 exemptum
918 499 993 560 satis
1008 500 1154 565 idoneum

114 590 227 652 subiici
248 604 311 647 non
333 585 447 661 potuit,
472 592 638 660 propterea
653 584 738 659 quod
751 582 802 641 hic
815 585 907 643 locus
919 596 982 642 non
996 594 1047 644 est
1059 603 1077 645 a
1090 595 1155 648 tota

113 689 212 734 causa
227 677 392 746 separatus
405 668 496 729 sicuti
508 669 679 727 membrum
693 665 832 761 aliquod
847 667 905 729 sed
918 673 1153 743 tamquam-san-

114 756 187 832 guis
201 755 347 829 pertusus
362 761 410 815 est
424 768 481 828 per
497 760 592 813 totum
607 767 722 826 corpus
738 749 897 811 orationis.

160 837 363 925 contentio
373 845 429 910 cst,
444 853 501 912 par
517 852 609 911 quam
623 834 776 895 contraria
790 833 927 894 referunt
916 840 972 894 t.ur
1002 835 1047 894 Ea
1061 836 1153 896 estin
1275 914 1276 917 Ἴ

113 902 288 989 verborum
291 900 558 993 exornationibus,
572 928 606 980 ut
620 927 692 980 ante
704 917 877 992 docuimus,
891 918 1083 979 huiusmodi
1105 921 1154 980 ln-
1209 919 1212 927 “

114 1006 214 1068 imicis
229 1004 473 1081 teplacabitcm‚
496 1002 604 1064 amicis
619 1001 846 1064 inexorabilem
856 1003 1000 1077 praebes
1031 1004 1065 1062 In
1077 928 1166 1149 caup}

113 1090 292 1163 tertiarum,
317 1089 509 1153 huiusmodi:
535 1089 602 1147 Vos
618 1087 709 1148 huius
724 1086 927 1151 incommodis
942 1087 1069 1161 lugetis,
1094 1097 1153 1149 rste

112 1174 159 1235 rai
179 1173 324 1249 publicae
344 1172 515 1232 calamitate
536 1173 675 1232 laetatur.
710 1172 778 1231 Vos
800 1169 911 1231 vestris
926 1169 1056 1230 fortunis
1072 1170 1153 1232 ditii—

113 1258 195 1330 ditis,
210 1257 270 1318 iste
285 1258 372 1317 scius
388 1257 454 1317 suis
470 1272 507 1316 eo
524 1255 622 1330 magis
638 1255 773 1316 confidit.
809 1256 892 1315 Inter
906 1255 983 1315 hacc
999 1254 1060 1315 duo
1078 1270 1151 1315 con-

21 1345 23 1348 ’
112 1342 283 1404 tentionum
303 1357 420 1416 genem
440 1340 499 1401 hoc
519 1339 661 1400 interest·
687 1339 762 1400 iilud
776 1355 818 1398 ex
831 1337 935 1399 verbis
951 1339 1056 1400 celarit
1044 1347 1090 1400 ter
1103 1357 1151 1401 re

113 1426 183 1486 ictis
215 1432 351 1495 constan
386 1424 436 1484 hic
460 1422 631 1483 sententiae
659 1422 830 1483 contrariae
855 1440 895 1482 ex
920 1433 1079 1535 comparat
1080 1424 1151 1484 ione

114 1510 286 1569 referamur
299 1515 430 1582 oportet.

196 1588 248 1651 59.
266 1589 444 1673 Similitudo
466 1597 515 1649 est
503 1587 666 1648 toratiot
654 1589 820 1647 traducens
839 1589 878 1646 ad
895 1604 960 1647 rem
975 1582 1150 1664 quampiam

114 1672 233 1750 aliquid
253 1689 294 1733 ex
314 1690 347 1734 re
339 1654 487 1746 dispari
501 1670 608 1730 simile.
643 1671 689 1728 Ee
703 1669 830 1730 sumitur
844 1678 897 1730 aut
912 1672 1042 1731 ornandi
1057 1689 1153 1732 censa

114 1766 167 1822 aut
187 1755 341 1833 probandi
361 1761 415 1815 aut
433 1751 570 1828 apertius
592 1752 716 1812 dicendi
730 1760 782 1813 aut
795 1760 847 1813 ant
848 1770 866 1812 e
835 1755 991 1813 tocuics
1004 1755 1150 1827 ponendi.

109 1842 149 1903 Εῖ
164 1838 324 1911 quomodo
343 1843 492 1912 quattuor
505 1837 546 1896 de
561 1835 665 1896 causis
681 1835 818 1913 sumitur,
833 1836 907 1896 item
922 1843 1069 1911 quattuor
1089 1855 1148 1900 mo·

109 1921 158 1981 dis
174 1920 299 1981 dicitur:
314 1935 374 1994 per
388 1920 585 1992 contrarium,
600 1937 659 1995 per
670 1920 875 1996 negationem,
891 1937 949 1996 per
959 1922 1150 1991 brevitatem,

108 2021 165 2081 per
176 2004 384 2065 collationem.
398 2005 449 2064 Ad
461 2020 553 2064 unam
569 2020 726 2079 quamque
739 2007 912 2066 sumendae
928 2023 1054 2066 causam
1070 2007 1151 2067 simi·

107 2086 245 2149 titudinis
274 2087 579 2150 accommodabimus
609 2088 750 2164 singulos
778 2091 890 2150 modos
918 2089 1150 2166 pronuntiandi.

107 2173 213 2234 XLVI.
226 2172 362 2233 Ornandi
373 2172 611 2234 causasumitur
622 2173 887 2248 percontrarium,
902 2176 962 2235 sic:
979 2177 1047 2235 Non
1059 2176 1151 2246 enim,

109 2255 371 2334 quemadmodum
381 2255 412 2315 in
421 2260 588 2332 palaestra,
601 2257 654 2332 qui
664 2259 775 2318 taedas
785 2258 953 2324 candentes
968 2257 1087 2335 accipit,
1103 2276 1152 2319 ce-

108 2340 203 2402 lerior
217 2340 310 2399 estin
326 2354 420 2401 cursu
441 2342 605 2414 continuo,
628 2359 721 2416 qnam
735 2340 800 2414 iile,
819 2341 870 2416 qui
885 2341 986 2413 tradit,
1000 2342 1074 2403 item
1089 2359 1151 2402 me·

107 2425 166 2487 tior
180 2425 349 2499 imperator
361 2441 480 2497 novus,
506 2426 559 2501 qui
573 2426 686 2500 accipit
703 2426 885 2497 exercitum,
909 2426 1082 2500 quantita,
1100 2426 1152 2501 qui

107 2509 245 2580 decedit;
271 2516 439 2586 propterea
455 2511 540 2586 quod
560 2511 748 2585 defatigatus
768 2526 879 2571 cursor
898 2511 1018 2586 integro
1041 2511 1151 2580 fecem,

107 2594 157 2654 hic
169 2593 287 2668 peritus
295 2592 469 2668 imperator
483 2594 626 2669 imperito
641 2594 812 2655 exercitum
823 2594 926 2655 trttdin
947 2595 1015 2655 Hoc
1031 2596 1099 2656 sinc
1111 2595 1150 2654 si-

108 2676 1150 2752 miiisatisplancetperspicuectprobabiliterdioipotuithocmc·

106 2761 168 2819 do:
191 2757 308 2817 Dicitur
319 2758 420 2818 minus
430 2761 533 2819 bonos
544 2759 970 2835 imperatoresamelioribus
982 2762 1152 2827 exercitum

109 2840 255 2915 accipere
270 2842 390 2910 sotere;
418 2843 475 2900 sed
491 2844 622 2902 ornandi
632 2856 733 2905 cansa
748 2842 847 2901 sinite
861 2850 1018 2917 sumptum
1034 2849 1096 2914 est,
1118 2852 1152 2902 ut

110 2922 244 2988 orationi
259 2924 412 2996 quaedam
428 2924 560 2998 dignitas
576 2932 819 2999 compararetur.
848 2924 968 2985 Dictum
983 2932 1087 2986 autern
1102 2935 1159 2988 est

108 3028 166 3087 per
181 3006 379 3070 contrarium·
394 3009 547 3067 Nam-tum
558 3007 725 3068 similitudo
737 3008 939 3084 sumitur‘per
954 3012 1150 3085 contrarium,

111 3110 204 3172 quum
224 3091 252 3151 ei
272 3090 331 3161 rei,
356 3094 447 3166 quam
469 3108 527 3152 nos
548 3093 732 3167 probamus,
754 3094 887 3168 aliquam
908 3111 973 3154 rem
999 3113 1151 3173 negaturus

111 3193 181 3240 esse
196 3175 341 3247 simitem,
362 3181 409 3248 [ut
422 3179 527 3252 paullo
545 3183 633 3249 ante,
659 3194 753 3252 quum
773 3179 812 3238 de
833 3179 1013 3241 cursoribus
1029 3198 1151 3243 assere-

109 3265 222 3333 batur].
242 3261 302 3320 Per
317 3261 513 3335 negationem
535 3261 655 3322 dicetur
669 3263 822 3337 probandi
838 3279 947 3336 causa,
963 3265 1024 3326 hoc
1039 3268 1150 3325 modo:

111 3349 217 3418 Neque
234 3360 334 3420 equus
355 3345 539 3417 indomitus,
560 3346 704 3420 quamvis
725 3348 806 3407 bene
827 3355 936 3408 natura
955 3347 1150 3421 compositus

107 3429 165 3502 sit,
181 3428 310 3490 idoneus
326 3437 518 3504 potestesse
533 3431 573 3490 ad
589 3431 819 3516 εηεηῖίῖὶῖηῖεε,
838 3447 920 3506 quae
934 3431 1152 3490 desiderantur
