2575 3892
110 176 151 238 72
445 175 499 233 AD
523 174 554 232 C.
578 172 808 232 HERENNIUM

108 347 176 405 iore
191 342 324 417 speres?
354 342 444 400 item:
466 341 557 412 Nam,
575 354 666 412 quem
682 338 712 397 in
729 338 860 398 amicitia
876 340 1078 414 perfidiosum
1095 356 1153 401 co·

108 426 264 502 gnoveris,
281 439 351 484 eum
369 440 465 498 quare
479 432 571 498 putes
586 422 758 482 inimicitias
776 437 846 481 cum
860 421 923 481 tide
938 424 1155 498 deposuisse?

108 516 161 570 aut
173 508 224 583 qui
235 509 376 583 privatus
390 507 573 567 intolerabili
589 506 735 581 superbia
750 506 851 576 inerit,
865 520 934 565 eum
948 509 1151 567 commodum

107 600 138 652 et
155 600 399 667 cognoscentem
414 591 462 651 sui
477 593 546 651 iore
563 591 593 649 in
612 596 768 664 potestate
784 591 836 664 qui
852 592 983 665 speres?
1003 601 1033 650 et
1048 592 1101 665 qui
1116 592 1150 650 in

44 735 51 749 ,
107 676 304 736 sermonibus
320 682 352 736 et
367 682 522 736 conventu
538 674 705 734 amicorum
721 688 829 733 verum
848 691 907 733 non
923 674 1044 746 dixerit,
1062 690 1150 734 num-

107 759 182 833 quid
199 774 268 819 eum
283 759 342 819 sibi
367 760 396 818 in
414 757 611 819 contionibus
627 757 728 817 credis
751 758 945 817 emendacio
961 766 1150 833 temperatu-

106 844 195 902 rum?
227 845 316 902 Item:
344 843 428 917 Quos
443 859 483 903 ex
497 841 629 902 coitibus
644 840 827 912 deiecimus,
852 857 921 901 curn
935 841 973 902 iis
989 843 1020 902 in
1037 858 1149 916 campo

106 925 270 987 metuimus
286 927 452 987 dimicare?
480 926 538 1000 Qui
559 941 654 999 quum
676 927 782 1000 plures
801 932 903 996 erant,
927 928 1036 1000 paucis
1056 925 1149 989 nobis

106 1009 274 1085 exaequari
289 1026 352 1069 non
370 1017 528 1086 poterant,
550 1009 593 1081 ei,
615 1017 783 1084 postquam
797 1008 964 1083 pauciores
980 1017 1069 1080 sunt,
1085 1025 1150 1070 me-

104 1094 229 1163 tuimus,
249 1109 289 1153 ne
305 1091 366 1154 sint
381 1095 581 1168 superiores?
614 1091 665 1151 26.
684 1094 752 1156 Hoc
767 1092 916 1153 orationis
933 1108 1032 1167 genus
1048 1094 1150 1153 brevi-

104 1184 153 1235 ter
169 1184 200 1234 et
212 1177 397 1237 continuatis
410 1176 515 1236 verbis
530 1176 702 1250 perfectum
713 1176 806 1235 debet
817 1191 899 1246 esse,
913 1185 943 1236 et
959 1194 1052 1251 quum
1065 1192 1149 1236 com·

105 1260 231 1324 modnm
247 1268 295 1319 est
316 1260 422 1320 auditu
437 1266 566 1334 propter
580 1259 707 1318 brevem
727 1266 758 1317 et
780 1258 955 1320 absolutam
973 1261 1148 1321 conclusio-

105 1359 176 1402 nem
191 1351 256 1403 tum
270 1359 348 1402 vero
364 1342 565 1402 vehementer
580 1341 626 1411 id,
648 1342 733 1415 quod
752 1357 832 1416 opos
849 1349 897 1403 est
913 1346 1041 1414 oratori,
1064 1360 1150 1404 corn-

105 1426 219 1500 probat
234 1425 387 1486 contraria
402 1438 438 1483 re
451 1431 482 1484 et
499 1439 601 1495 exeo,
620 1424 705 1498 quod
720 1425 847 1486 dubium
863 1442 925 1487 non
942 1435 1004 1502 est,
1022 1426 1149 1501 expedit

104 1509 188 1579 iilud,
205 1510 290 1583 quod
306 1516 354 1568 est
369 1506 551 1580 dubium‚t
516 1515 551 1568 ut
564 1516 617 1568 aut
632 1508 708 1568 dilui
723 1525 785 1583 non
801 1511 903 1584 possit
917 1520 970 1570 aut
983 1513 1058 1569 mutt
1046 1519 1077 1569 to
1091 1509 1149 1569 dii-

105 1592 239 1651 ticiiiime
254 1591 366 1667 possit.

190 1676 271 1737 XIX
273 1675 472 1772 Membrana
484 1675 632 1736 orationis
651 1678 826 1752 appellatur
839 1694 891 1738 res
905 1640 1042 1738 breviter
1056 1678 1148 1736 abso-

104 1763 169 1821 luta
185 1759 253 1820 sine
267 1768 315 1820 tot
315 1758 364 1821 ius
380 1777 436 1820 sen
437 1760 553 1821 tentiae
567 1761 769 1821 demonstret¹
749 1769 849 1835 t‚10ne
869 1777 950 1835 quae
966 1763 1069 1821 denuo
1087 1760 1148 1820 aiio

104 1845 243 1905 membro
260 1844 409 1906 orationis
419 1845 584 1919 excipitur
599 1845 659 1904 hoc
671 1847 780 1904 modo.
794 1845 855 1903 Et
847 1845 969 1902 mimico
981 1845 1149 1916 proderes.

104 1930 139 1988 id
154 1935 324 1999 estonum,
341 1927 426 2003 quod
439 1930 633 2001 appellamus
650 1929 835 1998 membrum3
859 1926 971 1985 deinde
989 1925 1050 1986 hoc
1066 1929 1149 1987 exei-

105 2010 206 2086 piatur
219 2018 343 2086 oportet
353 2014 468 2071 altero:
486 2012 521 2071 Et
532 2010 663 2070 amicum
673 2009 829 2070 laedebas.
849 2011 897 2070 lix
914 2011 1038 2071 duobus
1053 2026 1151 2070 mem-

103 2093 168 2153 bris
185 2092 212 2152 si
227 2094 286 2163 vis,
302 2092 379 2152 haec
392 2094 552 2154 exornatio
566 2101 672 2168 potest
683 2101 843 2168 constare3
860 2095 918 2154 sed
928 2094 1147 2155 ¹commodissi-

105 2192 155 2235 ma
171 2183 202 2235 et
216 2175 446 2238 absolutissima
461 2185 524 2252 est,
542 2193 623 2252 quae
643 2178 796 2244 extribus
813 2185 945 2249 constat,
960 2179 1020 2241 hoc
1033 2186 1147 2253 pacto:

103 2261 143 2321 Et
156 2258 279 2320 inimico
291 2261 443 2337 proceras
459 2269 490 2322 ot
504 2261 636 2322 amicum
648 2263 796 2323 laedebas
812 2271 843 2323 et
857 2262 912 2324 ribi
925 2278 988 2323 non
1004 2265 1146 2322 consule-

103 2345 171 2404 bas.
198 2345 289 2405 ltem':
307 2346 370 2405 Nec
386 2345 430 2405 rei
444 2346 589 2419 publicae
607 2346 793 2409 consuluisti
806 2362 866 2407 nec
881 2344 987 2406 amicis
1002 2346 1146 2421 profuisti

103 2443 163 2487 nec
177 2427 306 2487 inimicis
323 2428 473 2487 restitisti.

188 2509 483 2579 Articniushdicitun
500 2526 595 2583 quum
611 2510 733 2585 singula
743 2511 841 2570 verba
854 2510 1024 2574 intervallis
1039 2511 1146 2572 distin·

104 2599 240 2669 guuntur
255 2607 348 2651 caesa
364 2590 514 2665 oratione,
531 2593 591 2652 hoc
605 2596 715 2654 modo:
732 2594 927 2668 Acrirnonic,
944 2612 1038 2668 voce,
1056 2596 1144 2655 vultu

103 2674 302 2738 adversarios
317 2674 520 2751 perterruisti.
542 2677 634 2736 item:
651 2677 797 2738 inimicos
811 2677 936 2751 invidia,
948 2680 1074 2750 iniuriis,
1088 2694 1144 2753 po-

102 2761 208 2832 tentia,
224 2759 355 2836 perfidie
370 2759 532 2820 sustulisti.
563 2763 647 2820 Inter
661 2761 752 2822 huius
768 2763 892 2838 generis
912 2771 942 2824 et
950 2765 1037 2824 ‘iliius
1054 2778 1145 2838 supe-

102 2848 194 2907 rioris
208 2845 434 2906 vehementiam
449 2842 509 2903 hoc
521 2845 658 2916 interest,
676 2846 762 2920 quod
776 2847 851 2907 iliud
864 2847 982 2908 tardius
998 2856 1029 2907 et
1045 2847 1145 2908 rarius

103 2931 197 3000 venit
214 2931 274 2990 hoo
287 2928 425 2990 crebrius
441 2937 472 2988 et
487 2929 619 2990 celerius
629 2930 784 3006 pervenit.
799 2934 908 3004 ltaque
919 2931 949 2989 in
964 2931 1016 2990 iilo
1029 2945 1145 3003 genere

104 3029 144 3070 ex
157 3013 329 3072 remotione
343 3011 462 3073 brachii
476 3020 507 3072 et
521 3014 717 3074 contortione
729 3016 877 3074 dexterae
892 3012 1011 3087 gladius
1023 3011 1143 3077 adcor·

104 3109 163 3167 pus
180 3093 309 3165 adferri,
331 3097 361 3153 in
376 3096 436 3155 hoc
461 3104 514 3155 aut
516 3113 563 3156 ern
583 3098 693 3157 crebro
711 3105 741 3157 et
762 3097 855 3157 celeri
876 3109 991 3169 corpus
1012 3094 1142 3153 vulnere

104 3176 298 3234 consenciat-i
311 3176 443 3237 videtur.

188 3255 239 3311 27.
227 3257 452 3339 Continuatio
456 3269 504 3322 est
511 3262 697 3335 [continens]
705 3271 736 3323 et
747 3265 845 3325 densa
857 3258 1040 3336 frequentat
1034 3276 1063 3321 ro
1075 3277 1143 3320 ver-

104 3336 212 3392 borum
230 3350 299 3390 cum
312 3325 445 3399 absolut·
423 3350 508 3401 tione
523 3361 578 3404 sen
581 3347 753 3406 tertiarum.
769 3349 859 3407 Eat
825 3354 859 3405 ut
861 3362 948 3404 emur
959 3344 1143 3406 commodis·

105 3415 367 3501 srrnetripertito
390 3419 420 3475 in
444 3428 610 3498 sententia,
631 3428 660 3487 in
683 3429 854 3495 contrario,
876 3428 906 3485 in
930 3428 1143 3499 conclusione,
