2575 3892
92 3625 103 3662 )

338 200 454 261 LIBER
469 204 521 261 IV.
544 205 626 263 car.
640 214 761 267 ar-ra
785 213 811 274 s.
827 216 948 270 eo—ee.
1115 209 1158 274 79
1267 196 1268 229 ³

115 350 222 414 utilius
244 349 283 413 sit
304 353 424 412 occulte
445 351 560 413 fecisse
581 352 805 429 suspicionem,
832 372 922 430 quam
943 358 1095 419 eiusmodi
1111 359 1155 418 in·

116 434 257 497 tendisse
265 434 532 509 orationemquae
546 436 756 510 redarguatur.
867 466 875 471 ,

180 518 467 599 JQschttgngest,
494 535 589 592 quum
603 535 725 593 eorum,
752 519 917 594 dequibus
933 522 1077 599 dicimus,
1104 536 1156 587 aut
1267 540 1268 543 ’

115 611 282 677 utrumque
302 610 356 662 aut
374 617 468 662 unum
490 599 636 677 quodque
653 601 944 686 ceddogonclguditur
956 606 1069 681 verbo,
1094 607 1155 669 sic:
1267 606 1268 611 ’

114 686 254 760 Populus
268 685 427 746 Romanus
441 683 633 745 Numantiam
642 668 777 758 delevit,
792 674 1155 765 KardiagInem'sustulit,
1267 704 1268 713 ¹

117 768 295 829 Corinthum
310 766 441 841 disiecit,
455 767 612 843 Fregellas
626 768 746 831 evertit·
774 768 853 829 Nihil
868 769 1059 832 Numantinis
1073 771 1156 834 vires
1267 788 1268 801 ³

117 850 258 926 corporis
273 850 441 917 auxiliatae‘
453 861 539 922 sunt;
554 851 629 911 nihil
643 850 953 929 Karthaginiensibus
970 853 1100 915 scienda
1112 856 1158 915 rei
1267 924 1268 931 ἵ

115 933 255 995 militaris
280 933 457 996 adiumento
482 934 552 1006 luit;
577 934 655 995 nihil
674 935 837 997 Corinthiis
863 938 983 998 erudita
1006 936 1160 999 calliditas

115 1016 266 1092 praesidii
279 1019 360 1089 tulit,
383 1017 660 1099 nihil‘FregellanIs
675 1036 794 1081 morum
808 1028 839 1079 et
854 1020 1007 1081 sermonIs
1023 1019 1161 1081 societas
1267 1010 1268 1071 ἐ

117 1100 267 1175 opitulata
288 1110 353 1161 est·
378 1103 468 1163 Item:
493 1102 623 1163 Formae
644 1102 776 1178 dignitas
791 1110 844 1163 aut
856 1104 965 1165 morbo
980 1103 1159 1164 deflorescit
1267 1116 1268 1119 ’

116 1186 172 1239 aut
186 1187 344 1242 vetustate
359 1183 575 1257 exstinguitur.
611 1181 669 1246 Hic
684 1191 865 1259 utrumque,
881 1185 912 1244 in
928 1184 1092 1260 superiore
1110 1201 1161 1245 ax-
1267 1230 1268 1253 ÷

116 1265 220 1338 emplo
237 1280 329 1325 unam
346 1283 503 1341 quamque
523 1283 588 1327 ram
609 1274 695 1328 certo
717 1267 814 1328 verbo
837 1268 982 1330 concludi
1006 1267 1161 1331 videmus.

21 1366 32 1372 “
117 1347 169 1410 38.
185 1348 365 1410 ConiunctIo
386 1358 451 1424 est,
476 1367 571 1426 quum
585 1349 819 1427 interpositione
833 1350 920 1413 verbi
935 1360 966 1414 et
978 1352 1160 1429 superiores

117 1440 223 1506 partes
244 1431 392 1494 orationis
408 1434 710 1509 comprehenduntur
725 1443 755 1494 et
767 1434 947 1510 inferiores,
972 1437 1033 1498 hoc
1048 1438 1160 1498 modo=
1267 1482 1268 1487 η

118 1514 248 1574 Formae
268 1513 400 1589 dignitas
420 1526 473 1577 aut
492 1517 600 1578 morbo
621 1515 801 1578 deflorescit
814 1527 872 1593 aut
895 1528 1059 1580 vetustate.
1095 1520 1146 1578 Ad

119 1595 235 1683 iunctio
251 1606 313 1671 est,
329 1615 423 1672 quum
437 1599 581 1670 verbum,
597 1615 660 1673 quo
675 1616 727 1659 res
742 1599 1021 1677 comprehenditur,
1037 1617 1099 1662 non
1114 1601 1160 1661 in·
1267 1634 1268 1645 κ

115 1666 327 1753 ῖέτροῐίἷῐῖωε,
353 1681 409 1739 sed
435 1689 487 1741 aut
511 1679 642 1755 prImum
667 1690 720 1741 aut
744 1690 934 1755 postremum
959 1687 1158 1746 collocamus.

118 1763 266 1835 Primum,
293 1763 353 1822 hoc
374 1771 482 1836 pacto:
507 1761 693 1825 Deflorescit
706 1765 823 1824 formae
838 1766 971 1840 dignitas
986 1775 1040 1827 aut
1052 1769 1159 1828 morbo
1267 1784 1268 1851 }

119 1855 172 1905 aut
187 1854 349 1906 vetustate.
368 1846 527 1907 Postremo
543 1845 605 1906 sic:
618 1847 682 1905 Aut
695 1847 801 1908 morbo
817 1857 870 1909 aut
879 1857 1032 1913 vetustate
1045 1851 1162 1910 lorrnae

119 1928 252 2004 dignitas
268 1927 456 1989 deflorescit
488 1930 539 1990 Ad
554 1928 749 1990 testivitatem
764 1929 930 1994 disiunctio
946 1932 1160 2009 estapposita,
1267 1980 1268 1999 2

119 2029 214 2088 quare
228 2011 329 2072 rarius
356 2019 496 2082 utemur,
518 2027 559 2071 ne
581 2008 756 2073 satIetatem
776 2010 892 2087 pariat:
918 2018 957 2076 ad
981 2012 1161 2078 brevitatem
1267 2036 1268 2039 ¹

119 2094 304 2166 conlunctio,
317 2113 413 2172 quare
435 2098 561 2172 saepius
582 2094 758 2159 adhibenda
779 2107 835 2160 est.
869 2100 935 2159 Hae
949 2108 1013 2185 tres
1029 2116 1159 2161 exorna-
1267 2166 1268 2169 Ἴ

117 2179 220 2239 tiones
235 2179 274 2238 de
289 2176 421 2255 simplici
435 2196 549 2254 genere
563 2189 697 2240 manant.

198 2261 331 2321 XXVIII.
351 2261 661 2346 QNNPHQNIQON
682 2280 752 2325 cum
771 2265 891 2328 ratione
911 2264 1159 2343 amplificationis

119 2351 174 2403 aut
186 2338 465 2404 commiserationis
476 2340 616 2404 eiusdem
627 2342 719 2404 unius
729 2350 782 2409 aut
791 2343 1163 2418 plurIumverborumite·
1186 2352 1214 2393 ι’.
1267 2394 1268 2401 ,

87 2429 91 2435 ’
117 2426 206 2501 ratio,
220 2428 281 2489 hoc
292 2427 401 2488 modo:
417 2428 589 2499 Tumultus,
604 2429 635 2488 C.
649 2427 798 2501 Gracche,
810 2429 961 2491 turnultus
972 2426 1163 2489 domesticos
1267 2470 1268 2473 ,

119 2520 151 2572 et
165 2511 330 2573 intestinos
346 2527 520 2587 comparas.
549 2513 642 2573 item:
666 2512 844 2588 Commotus
860 2527 922 2573 non
938 2527 982 2585 es,
1000 2528 1094 2586 quum
1109 2512 1163 2573 tibi
1267 2532 1268 2565 ;

118 2597 217 2671 pedes
229 2605 328 2659 mater
338 2599 571 2673 amplexaretur
635 2613 699 2658 non
711 2613 746 2658 es
757 2598 954 2658 commotus?
967 2597 1060 2656 ltem:
1075 2598 1163 2657 Nunc

119 2681 217 2741 audes
232 2679 324 2741 etiam
337 2680 447 2740 venire
462 2679 494 2740 in
508 2680 619 2740 horum
636 2689 856 2757 conspectum,
876 2679 1019 2756 proditor
1032 2681 1162 2754 patriae,

119 2762 413 2838 proditoninquarn,
423 2762 549 2838 patriae,
557 2762 666 2824 venire
674 2766 772 2824 audes
780 2765 810 2825 in
818 2764 928 2822 horum
936 2765 1163 2835 conspectum?
1267 2750 1268 2763 ²

119 2845 331 2906 Vehementer
341 2846 514 2906 auditorem
526 2854 704 2907 commovet
715 2847 854 2906 eiusdem
865 2843 1087 2918 redintegratio
1096 2861 1163 2905 ver·
1267 2888 1268 2919 3

36 2946 40 2953 ’
119 2928 152 2991 bi
167 2931 326 2990 et‘vulnus
341 2927 441 2988 maius
457 2926 552 2988 elficit
566 2929 597 2987 in
615 2929 771 2988 contrarIo
788 2943 912 2999 causae,
930 2926 1021 3001 quasi
1035 2926 1163 3003 aliquod
1267 2952 1268 2965 2

118 3017 215 3076 telum
229 3011 357 3089 saepius
370 3011 535 3088 perveniat
548 3010 579 3071 In
595 3011 735 3073 eamdem
751 3010 892 3087 corporis
906 3016 1035 3087 partem.
1065 3012 1162 3074 Inter-

119 3096 254 3175 pretatio
268 3105 326 3172 est,
343 3112 425 3174 quae
440 3113 503 3158 non
519 3096 634 3157 iterans
650 3093 732 3159 idern
746 3095 936 3173 redintegrat
953 3097 1093 3172 verbum,
1105 3099 1163 3160 sed
1267 3092 1268 3107 ¹

120 3183 151 3245 id
162 3191 339 3255 commutat,
354 3182 439 3258 qood
450 3180 585 3258 positum
599 3181 727 3254 catallo
739 3180 847 3254 verbo,
861 3182 945 3258 quod
955 3180 1036 3243 idem
1048 3185 1162 3254 valeat,

121 3265 306 3335 hocmodo:
327 3269 404 3328 Rern
419 3264 576 3342 publicam
592 3263 741 3339 radicitus
759 3265 907 3339 evertisti,
924 3265 1080 3328 civitatem
1094 3268 1162 3326 fun·
1267 3312 1268 3327 2

125 3349 209 3413 ditus
219 3350 370 3412 deiecisti.
393 3353 486 3412 item:
501 3351 622 3412 Patrem
637 3349 755 3411 nelarie
766 3350 948 3422 verberasti,
964 3348 1086 3425 parenti
1099 3363 1161 3403 ma-

123 3448 183 3515 nus
199 3438 351 3496 scelerate
366 3433 513 3497 adtulisti.
542 3436 678 3505 Necesse
692 3442 741 3496 est
757 3433 834 3507 eius,
851 3435 904 3510 qui
919 3432 1012 3501 audit,
1025 3429 1160 3493 animum
1267 3500 1268 3503 Ἴ
