2575 3892
105 188 167 249 tto
474 189 523 248 DE
547 186 782 247 INVENTIONE
1114 188 1153 243 14

105 370 197 417 onem
211 354 412 422 adducentur,
430 352 456 411 si
472 368 579 413 eorum
595 350 712 422 inertia,
729 350 925 427 negligentia,
942 328 1076 423 ignauia,
1094 349 1151 408 de·

105 438 255 498 sidiosum
270 435 406 497 studium
422 443 453 495 et
466 437 660 496 luxuriosum
673 435 768 495 otium
783 435 968 509 proferetur.
996 431 1045 491 Ab
1060 433 1152 492 audi-

103 528 206 581 torum
220 535 357 595 persona
371 518 591 580 benevolentia
606 519 788 594 captabitur,
802 518 829 578 si
844 534 894 577 res
907 517 945 576 ab
960 515 999 576 iis
1015 516 1150 588 fortiter,

105 603 272 679 sapienter,
288 611 449 665 mansuete
465 612 573 680 gestae
586 605 799 678 proferentur,
820 608 855 662 ut
871 616 912 660 tle
926 615 988 675 qua
1003 599 1151 658 adsenta-

104 685 148 747 tio
170 685 263 746 nimia
282 686 487 761 significetur,
514 688 542 746 si
567 687 607 746 de
625 686 662 746 iis
690 702 782 761 quam
802 684 935 745 honesta
960 682 1151 759 existimatio

106 777 285 845 quantaque
300 786 408 833 eorum
422 768 527 831 iudicii
537 778 568 829 et
583 767 774 830 auctoritatis
787 765 980 842 exspectatio
993 766 1035 826 sit
1046 774 1152 826 osten-

106 855 212 929 detur;
240 854 278 914 ab
295 854 403 924 rebus,
426 854 453 913 si
474 861 612 914 nostram
631 869 757 913 causam
779 851 935 913 laudando
952 852 1152 922 extollemus,

106 936 359 999 adversariorum
386 952 513 999 clusam
543 952 600 1012 per
631 935 892 1011 contemptionem
925 933 1152 1009 deprimemus.

106 1020 158 1081 23.
181 1024 326 1083 Attentos
342 1029 445 1083 autem
466 1021 630 1091 faciemus,
653 1021 680 1080 si
698 1018 979 1080 demonstrabimus
996 1033 1048 1088 ea,
1069 1033 1155 1092 quae

106 1104 217 1164 dicturi
229 1104 352 1175 erimus,
362 1121 582 1179 magnanova,
595 1103 786 1164 incredibilia
796 1119 868 1164 esse
880 1108 911 1161 et
922 1108 975 1161 aut
987 1100 1028 1160 ad
1040 1117 1155 1161 omnes
1264 1150 1265 1153 ,

106 1186 215 1246 autad
230 1202 296 1258 eos,
312 1187 365 1261 qui
379 1188 514 1259 audient,
530 1190 636 1248 autad
653 1187 775 1262 aliquos
791 1187 928 1247 illustres
940 1185 1081 1246 homines
1098 1194 1155 1245 aut
1258 1196 1265 1265 ’ἵ

106 1269 148 1329 ad
169 1268 247 1328 deos
267 1269 456 1331 immortales
477 1272 589 1330 autad
609 1286 760 1330 summam
784 1287 850 1329 rem
876 1269 1028 1347 publicam
1052 1269 1155 1342 perti-

107 1367 199 1423 nere;
221 1358 253 1413 et
271 1352 298 1412 si
313 1351 528 1428 pollicebimur
542 1370 601 1415 nos
621 1354 710 1414 brevi
726 1361 865 1414 nostram
882 1369 1007 1414 causam
1020 1351 1153 1410 demon-

107 1442 276 1510 straturos,
298 1443 394 1511 atque
413 1453 606 1513 exponemus
626 1437 846 1500 iudicationem
869 1445 923 1499 aut
935 1433 1153 1506 iudicationes

108 1519 135 1580 si
148 1520 255 1595 plures
268 1528 366 1584 erunt
384 1521 508 1583 Dociles
522 1521 682 1583 auditores
697 1521 855 1593 faciemus,
872 1521 900 1582 si
914 1526 1023 1599 aperte
1038 1525 1069 1579 et
1081 1518 1154 1578 bre-

107 1604 189 1664 viter
204 1621 355 1667 summam
371 1622 485 1666 causae
499 1622 709 1682 exponemus,
724 1607 783 1668 hoc
800 1613 857 1677 est,
873 1606 904 1666 in
920 1618 985 1680 quo
1000 1602 1155 1663 consistat
1260 1604 1265 1637 ²

110 1688 335 1750 controversia.
362 1691 400 1750 Et
417 1708 512 1765 quum
527 1691 660 1751 docilem
673 1690 751 1750 velis
766 1691 878 1760 lacere,
895 1689 986 1750 simm
1002 1693 1154 1747 attentum

109 1771 205 1832 iacias
224 1781 358 1848 oportet.
395 1774 470 1834 Nam
484 1775 510 1833 is
528 1783 575 1835 est
590 1775 721 1835 maxime
736 1773 861 1846 docilis,
879 1773 932 1848 qui
948 1770 1155 1833 attentissime

109 1861 159 1914 est
172 1864 300 1929 paratus
316 1857 434 1918 audire.

193 1939 289 1999 XVII.
310 1939 396 2000 Nunc
417 1940 640 2000 insinuationes
658 1940 915 2015 quemadmodum
936 1938 1061 1999 tractari
1076 1954 1152 1997 con-

110 2018 222 2088 veniat,
238 2021 387 2095 deinceps
403 2023 566 2083 dicendum
581 2024 713 2085 videtur.
735 2022 945 2085 Insinuatiorre
959 2023 1052 2098 igitur
1065 2026 1153 2080 uten-

109 2102 183 2161 dum
200 2108 256 2174 est,
272 2120 366 2177 quum
381 2105 561 2166 admirabile
571 2123 675 2182 genus
687 2123 802 2169 causae
817 2112 874 2178 est,
890 2106 949 2168 hoc
967 2114 1024 2177 est,
1037 2111 1155 2166 utente

111 2184 259 2257 diximus,
283 2203 377 2260 quum
391 2190 511 2250 animus
526 2191 676 2253 auditoris
692 2191 823 2252 infestus
838 2196 896 2251 est.
933 2190 969 2250 Id
984 2197 1088 2259 autem
1102 2187 1154 2247 tri·
1264 2260 1265 2263 Ἴ

110 2268 170 2329 bus
193 2285 233 2331 ex
252 2270 354 2331 causis
375 2272 411 2331 lit
430 2274 577 2335 maxime:
603 2275 630 2335 si
650 2282 704 2337 aut
723 2275 805 2336 inest
819 2274 850 2335 in
865 2273 936 2350 ipse
950 2289 1044 2333 causa
1060 2288 1155 2348 quae·

111 2353 182 2412 dam
198 2353 356 2430 turpitudo
370 2363 423 2417 aut
437 2359 475 2417 ab
489 2357 537 2429 its,
553 2359 690 2433 quiante
703 2356 928 2431 dixerunt,iam
941 2356 1086 2432 quiddam
1098 2370 1158 2413 au·

112 2435 204 2497 ditori
215 2454 402 2511 persuasum
414 2441 539 2499 videtur
549 2449 602 2502 aut
614 2458 652 2502 eo
664 2449 806 2517 tempore
817 2444 906 2503 locus
918 2438 1038 2501 dicendi
1048 2438 1154 2509 datur,

113 2533 208 2591 quum
221 2518 284 2579 iam
299 2521 357 2591 illi,
379 2538 459 2595 quos
475 2523 581 2585 andire
599 2533 738 2600 oportet,
757 2525 875 2588 delessi
896 2532 967 2586 sunt
983 2519 1155 2581 audiendo.

111 2600 188 2659 Nem
200 2616 239 2661 ex
250 2601 310 2663 hac
320 2620 492 2680 quoquere
503 2623 566 2667 non
579 2607 689 2682 minus,
703 2625 797 2684 quam
808 2626 848 2670 ex
859 2609 965 2686 primis
977 2605 1109 2678 duabus,
1122 2605 1156 2665 in

112 2691 238 2747 oratore
248 2703 481 2765 nonnumquam
492 2690 611 2754 animus
623 2692 774 2754 auditoris
787 2694 963 2755 offenditur.
978 2692 1029 2752 ul.
1039 2689 1072 2751 sl
1083 2705 1156 2751 cau-

113 2786 168 2832 sae
182 2771 342 2848 turpitudo
361 2774 514 2836 contrabit
532 2777 753 2850 offensionem,
771 2786 824 2839 aut
838 2794 896 2853 pru
913 2794 952 2838 eo
969 2773 1109 2846 bomine,
1124 2774 1155 2834 in

114 2872 176 2931 quo
193 2857 367 2932 offenditur,
382 2862 475 2921 alium
487 2861 652 2936 hominem,
668 2863 720 2938 qui
733 2862 877 2938 diligitur,
891 2860 1049 2938 interponi
1062 2874 1156 2934 opor-

112 2948 158 3002 tet
164 2961 174 3012 ;
188 2950 241 3004 aut
253 2961 311 3020 pro
327 2961 371 3016 re,
387 2946 418 3005 in
435 2962 497 3022 qua
508 2947 683 3022 offenditur,
700 2947 788 3008 aliam
805 2962 879 3021 rem,
893 2962 976 3021 quae
989 2944 1155 3021 probatum

114 3032 168 3117 aut
187 3041 244 3098 pro
261 3045 296 3087 re
313 3028 469 3090 hominem
483 3039 537 3091 aut
556 3048 614 3107 pro
636 3031 762 3092 bomine
781 3047 862 3103 rem,
879 3037 919 3091 ut·
932 3031 971 3090 ab
994 3044 1048 3101 eo,
1072 3027 1160 3101 quod

114 3104 188 3196 Ofllb
204 3108 244 3167 ad
257 3110 299 3182 id,
315 3115 402 3187 quod
415 3113 521 3191 diligit,
537 3114 688 3176 auditoris
704 3116 824 3175 animus
840 3115 1038 3186 traducatur;
1054 3117 1085 3171 et
1096 3110 1158 3171 dis-

114 3190 260 3284 srmldare
273 3201 305 3252 te
322 3199 354 3257 id
368 3201 579 3272 defensurum,
596 3200 683 3274 qnod
697 3198 895 3272 existimeris3
914 3197 1043 3268 deiude,
1063 3210 1158 3270 quum

113 3283 174 3326 ram
189 3279 291 3331 mmor
305 3280 405 3340 taetris
422 3285 478 3343 erit
491 3283 623 3355 auditor,
637 3283 758 3357 ingredi
773 3281 996 3357 pedetemptim
1007 3281 1038 3349 in
1052 3279 1159 3339 deicu-

114 3372 233 3450 sronem
243 3363 284 3449 'et
297 3357 402 3418 dicere
417 3380 468 3434 ea,
490 3383 571 3438 quae
585 3367 784 3440 indignentur
798 3364 986 3436 adversarii,
1009 3363 1064 3423 tibi
1080 3377 1158 3436 quo-

115 3437 312 3508 quemdrgna
327 3441 439 3499 videri:
461 3447 589 3517 deinde,
613 3467 707 3522 quum
723 3448 845 3509 lenieris
863 3464 947 3519 eum,
970 3446 1025 3520 qui
1040 3445 1158 3518 audiet,
