2575 3892
395 187 620 238 MEMORABILIA
639 188 742 237 VITAE
761 185 926 237 CICERONIS

1119 377 1166 410 Auni

1125 416 1161 451 Cic.

313 494 352 541 uio
368 498 459 540 vastat.
495 490 567 539 11616
583 498 722 547 senatores,
741 490 767 536 iu
786 489 868 549 iisque
885 489 1017 538 clarissimi
1033 492 1091 550 viri,
1196 498 1200 509 ·

314 561 342 619 Q.
363 559 480 620 Catulus,
505 558 539 608 M.
558 559 699 616 Antonius,
719 554 745 604 C.
768 562 792 604 et
809 556 840 605 L.
861 554 982 607 Caesarea
1000 557 1091 607 iratres

314 628 493 678 trucidantur-¹
532 625 663 676 Cornelius
681 622 778 674 Merula
794 637 823 671 se
841 626 973 675 consulatu
992 626 1093 676 abdicat

313 694 412 760 sibique
429 708 507 745 venas
525 694 621 743 incidit.

348 765 434 816 Cicero
458 763 554 816 Romae
577 759 713 824 Apollonio
730 758 826 809 Moloni
844 760 959 820 Rhodio,
982 760 1092 811 clarissi-

315 850 353 883 mo
372 832 475 889 rhetori,
495 843 599 893 operam
615 827 686 877 dat.²

148 896 202 953 668
242 899 277 952 86
313 901 384 951 Coss.
412 899 447 948 L.
467 898 597 948 Cornelias
614 897 695 947 Cinna
711 893 762 955 IL,
780 896 809 946 0.
829 896 933 945 Mariae
956 895 1021 945 VII.
1125 895 1159 949 21

345 968 441 1017 Mariua
460 980 513 1015 cos.
532 966 620 1015 Idibus
637 965 839 1015 1666166166.ο
876 964 907 1014 Ei
923 962 1043 1014 suffectus
1060 964 1090 1012 L.

312 1036 430 1087 Valerius
446 1035 564 1094 Flaccus,
583 1048 598 1083 a
616 1031 696 1083 Cinna
712 1032 823 1092 missus,
842 1039 870 1081 ut
886 1032 972 1082 Sullae
989 1032 1022 1082 ad
1038 1032 1091 1082 bel-

314 1107 365 1155 lum
382 1103 580 1154 Mithridaticum
593 1101 749 1161 succederet,
764 1101 792 1150 in
808 1100 898 1149 Asiam
913 1101 1015 1154 traiicit.

346 1174 399 1222 Hoc
420 1180 535 1237 tempore
559 1169 646 1220 Cicero
670 1169 772 1234 scripsit
795 1168 874 1218 libros
891 1168 1091 1228 Rhetoricorum,

313 1254 419 1303 quorum
435 1241 488 1290 duo
505 1246 642 1302 supersunt
661 1239 693 1287 de
709 1238 882 1285 inventione.⁴

148 1302 200 1358 669
243 1304 277 1358 86
313 1309 385 1359 coss.
436 1308 471 1357 L.
508 1307 637 1357 Cornelius
668 1306 746 1356 06666
778 1303 849 1365 ΙΙΙ.,
888 1306 935 1356 Gn.
970 1304 1092 1366 Papiriou
1125 1303 1161 1356 Ὦ

163 1384 204 1424 et·
251 1384 276 1425 et
416 1375 498 1427 Carbo
1132 1382 1157 1422 et

148 1440 201 1497 670
243 1441 278 1495 84
315 1445 385 1500 Coss.
426 1447 471 1497 Gn.
496 1443 618 1506 Papirius
640 1441 723 1492 sarto
746 1441 798 1501 IL,
825 1442 858 1490 L.
886 1442 1015 1492 Cornelius
1036 1441 1093 1491 Cin·
1125 1440 1162 1492 23

416 1529 451 1563 na
467 1513 522 1562 IV.

347 1581 417 1632 Sulla
433 1580 527 1632 bellum
545 1593 602 1629 cum
619 1576 766 1628 Mithridate
782 1576 892 1626 feliciter
908 1577 982 1643 gerit.

348 1649 434 1701 Cicero
447 1650 544 1701 Romae
554 1647 623 1712 apud
635 1645 747 1695 Stoicum
760 1645 897 1695 Diodotum
907 1660 984 1708 quum
996 1645 1022 1693 iu
1035 1643 1092 1692 aliis

313 1721 397 1781 rebus,
409 1727 463 1768 tum
476 1716 665 1767 studiosissime
677 1715 704 1762 in
717 1713 855 1763 dialecticis
868 1719 1007 1772 exercetur,
1018 1726 1092 1775 prae-

313 1796 381 1838 terea
402 1788 487 1854 pergit
505 1785 594 1835 Latina
613 1779 960 1833 61666666,(166166611666.ι
996 1780 1092 1829 Eodem

313 1866 426 1921 tempore
438 1852 617 1918 Xenophontis
629 1850 825 1899 oeconomicum
839 1858 863 1898 et
875 1850 972 1910 aliquot
981 1848 1093 1901 Platonis

313 1924 429 1988 dialogos
447 1938 461 1971 e
480 1921 576 1970 Gracco
592 1918 619 1969 in
636 1914 755 1964 Latinum
773 1930 915 1965 sermonem
931 1916 1062 1965 convertit.

147 1981 199 2037 671
242 1983 277 2040 83
313 1990 449 2053 cosan.
470 1986 600 2038 ametro
618 1983 704 2045 Scipio
719 1980 857 2044 Asiatica,
878 1983 906 2032 e.
921 1982 1009 2031 Icarus
1026 1982 1092 2031 Nor-
1126 1983 1164 2036 nu

415 2056 495 2106 banus
515 2053 622 2104 Bulbus.

347 2124 417 2176 Sulla
433 2139 497 2189 pace
514 2136 572 2173 cum
589 2119 735 2170 Mithridate
754 2119 822 2168 lacta
845 2121 871 2168 in
895 2118 994 2168 Italiam
1017 2118 1092 2179 redit,

313 2193 342 2242 (l.
362 2192 509 2243 Norbanum
530 2204 583 2241 cos.
601 2188 698 2253 proelio
719 2188 806 2236 vincit.
844 2186 930 2252 Scipio
954 2186 1017 2236 alter
1039 2201 1090 2238 cos.

313 2261 346 2310 ad
356 2261 469 2311 Teanum
485 2274 542 2311 cum
560 2258 673 2309 exercitu
690 2256 819 2320 profectus
837 2271 893 2305 cum
911 2255 982 2305 Sulla
998 2254 1029 2303 de
1046 2269 1092 2320 pa-

245 2382 251 2386 ,
313 2331 349 2379 cis
371 2337 395 2380 et
416 2331 453 2379 rei
475 2327 594 2394 publicae
618 2324 773 2376 ordinandae
791 2324 984 2374 condicionibus
1011 2323 1089 2387 agit‚⁶

313 2399 345 2448 de
363 2399 455 2461 quibus
474 2410 532 2446 cum
548 2396 614 2445 inter
631 2408 676 2443 eus
693 2392 764 2442 haud
780 2393 950 2452 convenisset,
966 2392 1092 2441 exercitus

313 2466 441 2530 Scipionis
464 2465 541 2528 signa
560 2462 594 2511 ad
617 2459 714 2510 Sullam
733 2459 864 2516 cunerem
887 2460 944 2523 ipse
967 2473 1024 2507 cum
1039 2457 1092 2507 lilio

313 2534 383 2584 solus
404 2534 431 2584 ln
454 2532 544 2583 castris
566 2529 670 2579 relictus
688 2543 704 2578 a
721 2526 791 2578 Sulla
808 2527 942 2576 dimittitur
959 2533 984 2577 ct
1002 2525 1092 2574 Massi-

313 2602 373 2652 liam
394 2601 447 2651 abit
471 2598 641 2653 ustulatum!
679 2595 831 2660 Capitolium
853 2595 885 2644 de
909 2594 977 2644 caelo
999 2600 1092 2642 tactum

312 2670 378 2721 conll
440 2676 460 2719 t.

147 2728 200 2784 672
242 2730 277 2786 82
313 2683 441 2792 00⁸ng
461 2735 565 2786 Mariae
583 2732 611 2785 0.
632 2733 675 2796 F.‚
695 2733 740 2782 06.
760 2732 882 2792 Papirius
903 2729 985 2783 Corio
1002 2728 1058 2778 ΙΙΙ.
1128 2724 1163 2779 25

346 2808 377 2858 L.
395 2804 567 2870 Damasippus
584 2808 687 2868 praetor
704 2806 805 2849 auctore
823 2799 902 2848 Mario
921 2814 973 2848 cos.
993 2812 1092 2848 omnem

313 2876 470 2927 nobilitatem
483 2872 602 2923 trucidat.
620 2869 692 2920 Sulla
708 2868 766 2918 tuso
784 2866 817 2915 ad
835 2865 1006 2933 Sacriportum
1022 2881 1093 2915 exer—

313 2946 364 2996 citu
379 2946 406 2995 in
417 2945 510 2995 Urbem
522 2939 600 2999 venit,
620 2938 736 2988 inimicos
753 2935 816 3000 iuga
833 2935 934 3000 elapsos
950 2935 1092 3001 proscribit,

313 3027 451 3074 eorumque
466 3014 534 3063 bona
550 3007 675 3074 publicat.
708 3004 806 3054 Deinde
823 3004 952 3069 praesidio
968 3002 1029 3051 Urbi
1044 2999 1092 3047 im—

313 3080 396 3142 posito
409 3079 454 3129 Gn.
465 3076 630 3135 66666666,ο
641 3075 747 3124 alterum
758 3070 897 3130 consulem,
907 3071 1003 3132 aliquot
1016 3081 1089 3131 proe-

313 3146 355 3195 liis
369 3147 456 3205 vincit,
475 3158 551 3208 quem
568 3158 637 3202 mox,
656 3144 682 3192 iu
694 3138 806 3190 Siciliam
818 3136 941 3203 elapsum,
960 3134 1093 3187 6611666-

266 3294 268 3297 ’
342 3317 723 3370 1)Tuscv.19.uooa1n.s.
764 3302 865 3373 aperit.
880 3312 915 3357 aa.
959 3311 1092 3407 spreuit.

313 3371 486 3416 oecultum.
518 3373 542 3423 l)
558 3372 586 3414 dc
600 3371 641 3415 Or.
655 3373 674 3415 1.
688 3370 710 3413 2.
750 3366 902 3414 filtronii).
934 3365 956 3420 a)
990 3364 1092 3407 hilxll.

316 3425 348 3468 11.
376 3424 579 3478 infuscatus.
607 3424 748 3479 ⁸)adFam.
796 3422 842 3466 ,21
859 3423 916 3464 extr.
