2575 3892
138 146 179 210 32
471 146 524 206 AD
546 146 578 205 C.
602 144 832 204 HERENNIUM

137 316 274 374 Necesse
287 318 336 372 cst
347 310 524 387 peperisse,
547 308 693 386 quoniam
708 309 840 369 sustinet
860 324 991 383 puerum
1012 307 1176 370 infantem.

136 397 211 456 Nam
225 395 303 455 hacc
320 411 378 456 sua
392 401 506 470 sponte
519 401 604 456 certa
619 394 710 468 signa
719 409 783 454 non
794 393 917 461 habent,
933 391 960 452 si
971 409 1034 452 non
1048 400 1178 454 caetera

137 494 264 554 quoque
279 477 389 539 similia
404 485 601 538 concurrunt.
639 477 729 552 Quod
744 475 772 537 si
788 476 1016 547 concurrerint,
1032 476 1176 537 nonnihil

135 562 303 623 illiusmodi
316 561 406 635 signa
419 562 577 636 adaugent
593 559 812 636 suspicionem.
849 563 926 620 Item
943 561 1090 620 vitiosum
1112 569 1175 631 θεῖ,

136 662 232 720 quum
245 647 297 705 vel
312 644 343 704 in
356 644 450 705 alium
464 647 515 705 vel
529 644 561 705 in
576 660 647 705 eum
662 642 780 719 ipsum,
797 642 850 718 qui
867 644 955 715 dicit,
969 643 1017 713 id,
1041 645 1126 718 quod
1141 643 1175 703 in

135 728 350 790 adversarium
364 727 483 800 dicitur,
501 734 607 804 potest
620 725 799 799 convenire,
817 727 878 787 hoc
892 728 1003 787 modo:

177 814 284 875 Miseri
294 818 370 885 sunt,
385 816 438 887 qui
449 828 560 873 uxores
574 813 696 872 dacum.
710 844 754 854 -
766 810 806 870 Αῖ
819 819 851 871 tu
865 812 980 871 ἀθετεῖ
991 814 1126 874 alteram.

134 895 210 955 Item
224 896 372 957 vitiosum
384 902 432 955 θεῖ
442 894 483 967 id,
500 895 586 970 quod
596 897 757 969 vulgarem
768 893 862 954 habet
872 894 1094 964 defensionem,
1109 894 1173 953 hoc
1262 903 1263 918 ¹

133 980 243 1039 modo:
272 978 434 1060 Iracundia
459 979 604 1039 inductus
633 976 778 1055 peccavit
800 984 854 1038 aut
880 977 1092 1038 adolescentia
1116 986 1174 1038 aut

133 1078 249 1124 amore.
283 1062 468 1123 Huiusmodi
482 1065 563 1123 enim
577 1062 816 1137 deprecationes
831 1060 858 1121 si
872 1063 1096 1137 probabuntur,
1115 1060 1171 1122 im·

132 1161 217 1219 pune
231 1145 364 1206 maxima
377 1154 509 1221 peccata
520 1146 704 1206 dilabenter.
743 1148 819 1206 Item
833 1144 981 1206 vitiosum
996 1153 1058 1216 est,
1074 1162 1172 1220 quum

132 1227 163 1288 id
180 1245 238 1303 pro
256 1235 341 1289 certo
355 1229 494 1301 sumitur,
510 1230 597 1305 quod
609 1230 690 1289 inter
703 1245 812 1289 omnes
828 1236 958 1301 constet,
975 1231 1061 1304 quod
1077 1230 1171 1290 etiam

132 1327 215 1371 nunc
229 1312 260 1373 in
276 1313 492 1374 controversia
508 1320 564 1385 θεῖ,
580 1312 641 1373 hoc
656 1314 765 1373 modo:

173 1397 240 1457 Eleo
251 1405 292 1472 tu,
307 1398 347 1467 ei,
361 1400 467 1472 quibus
477 1405 521 1459 est
525 1404 658 1474 potestas
667 1406 760 1458 motus
770 1400 911 1472 supersim
925 1404 1014 1473 etque
1024 1397 1168 1471 inferint,

172 1482 282 1542 Pacem
296 1483 375 1542 inter
390 1499 453 1543 sese
468 1484 638 1558 enuntiant,
652 1481 813 1554 conferam
825 1482 1025 1542 eoncmdiem.

129 1564 205 1623 Nam
220 1564 264 1625 ita
279 1582 335 1640 pro
352 1582 410 1627 suo
426 1567 493 1627 iure
507 1566 568 1626 hoc
584 1568 728 1641 exemplo
746 1573 884 1625 utentem
891 1564 1097 1640 Thesprotum
1109 1565 1168 1622 lin-

129 1647 199 1708 nius
213 1648 342 1721 induxit,
357 1650 446 1724 quasi
460 1650 521 1711 iam
535 1650 610 1711 satis
629 1650 722 1710 certis
735 1648 905 1709 rationibus
919 1647 951 1707 id
968 1649 1010 1708 ita
1027 1663 1100 1708 esse
1114 1648 1168 1706 de-

130 1741 345 1795 monstrasset.
367 1732 418 1794 40.
433 1737 510 1795 Item
525 1734 672 1795 vitiosum
688 1741 745 1803 est,
762 1734 919 1807 quodiam
935 1732 1025 1806 quasi
1040 1747 1111 1792 sero
1124 1737 1168 1790 at-

130 1832 192 1887 que
207 1827 277 1877 acto
293 1818 419 1891 negotIo
435 1818 496 1876 dici
510 1818 642 1886 videtur,
658 1817 719 1875 hoc
734 1817 845 1874 modo:
861 1818 896 1874 In
909 1823 1043 1874 mentem
1055 1813 1129 1873 mihi
1141 1814 1168 1874 si
1262 1891 1264 1904 ἶ

128 1897 284 1970 venisset,
301 1898 449 1971 Quirites,
464 1915 527 1957 non
546 1895 785 1965 commisissem,
807 1903 840 1954 ut
855 1895 885 1953 in
901 1896 983 1954 hunc
997 1900 1101 1956 locum
1115 1913 1167 1957 res

128 1978 263 2051 veniret;
286 1982 430 2046 namhoc
445 1987 498 2038 aut
512 1981 572 2039 hoc
586 1978 749 2050 lecissem3
772 1979 829 2036 sed
846 1993 896 2037 me
910 1984 974 2037 tum
988 1977 1066 2038 haec
1086 1982 1166 2041 ratio

128 2061 246 2121 lelellit.
281 2065 356 2122 Item
372 2062 520 2122 vitiosum
535 2069 592 2134 est,
613 2078 708 2136 quum
722 2062 763 2132 id,
781 2062 866 2134 quod
880 2060 910 2120 in
926 2068 1035 2136 aperto
1051 2063 1165 2125 delicto

127 2144 265 2219 positum
280 2153 337 2218 est,
353 2155 456 2207 tamen
471 2146 574 2222 aliqua
589 2144 703 2222 tegitur
716 2145 910 2217 defensione,
924 2144 985 2205 hoc
999 2147 1108 2207 modo:

280 2230 377 2302 Qum
391 2237 418 2291 te
431 2233 608 2310 expetebant
619 2247 731 2305 omnes,
743 2232 953 2305 florentissimo

279 2315 384 2390 Reque
397 2318 522 2402 relicui·
543 2333 625 2378 auae
639 2316 788 2377 desertum
803 2316 842 2375 ab
856 2315 987 2375 omnibus

280 2398 399 2463 Summo
409 2403 523 2474 periclo
537 2403 603 2460 soie
615 2406 649 2461 ui
661 2401 815 2461 restituam
824 2414 914 2474 paro.

125 2480 235 2540 XXVI.
252 2482 328 2541 Item
343 2481 491 2542 vitiosum
507 2490 571 2553 est,
594 2484 680 2558 quod
695 2482 725 2542 in
741 2481 833 2541 aliam
848 2488 970 2557 partem
990 2497 1027 2540 ac
1049 2481 1164 2541 dictum

124 2570 175 2623 cst
194 2570 300 2638 potest
321 2565 430 2640 accipi.
462 2565 498 2626 Id
513 2573 561 2627 θεῖ
576 2566 768 2637 huiusmodi,
789 2573 837 2638 ut,
858 2565 971 2641 siquis
992 2572 1105 2640 potens
1126 2580 1163 2625 ac
1262 2581 1263 2606 ³

124 2646 276 2709 factiosus
288 2646 319 2707 in
331 2648 480 2709 contione
490 2649 617 2710 dixerit:
635 2651 739 2711 Satius
752 2658 801 2710 est
811 2650 856 2711 uti
866 2650 1001 2724 regibus,
1015 2664 1108 2723 quam
1119 2648 1164 2709 uti
1262 2695 1264 2732 ,

123 2730 212 2792 malis
229 2732 361 2809 legibus.
390 2732 467 2808 Nam
482 2734 551 2807 hoc,
568 2735 691 2796 tametsi
705 2734 751 2794 rei
766 2736 930 2810 augendae
944 2749 1040 2793 causa
1056 2737 1164 2807 potest

124 2814 193 2876 sine
208 2816 324 2878 malitia
338 2817 408 2889 dici,
423 2824 527 2878 tamen
542 2826 673 2894 propter
686 2820 857 2896 potentIam
873 2817 950 2887 eius,
967 2816 1020 2892 qui
1034 2816 1066 2876 id
1080 2815 1161 2887 dicit,

68 2953 71 2958 ,
123 2916 187 2959 non
203 2901 314 2962 dicitur
328 2902 396 2963 sine
411 2902 509 2963 atroci
523 2902 713 2978 suspicione.
735 2903 788 2964 41.
803 2906 880 2964 Item
891 2902 1039 2961 vitiosum
1049 2906 1098 2959 θεῖ
1108 2901 1162 2961 ial-

122 2981 169 3040 sis
184 2990 237 3044 aut
251 2985 432 3057 vulgaribus
447 2986 679 3050 delinitionibus
691 2988 746 3050 uti.
768 2988 881 3048 Falsae
891 2993 963 3045 sunt
974 2984 1162 3058 huiusmodi,

122 3069 158 3121 ut
173 3064 200 3122 si
213 3063 282 3138 quis
295 3066 377 3128 dicat
387 3069 527 3130 iniuriam
543 3087 615 3131 esse
628 3074 752 3142 nullam,
765 3070 825 3130 nisi
841 3086 922 3145 quae
933 3085 973 3129 ex
985 3068 1162 3146 pulsatione
1262 3074 1264 3082 '

123 3152 177 3204 aut
192 3149 335 3209 convicio
351 3160 482 3213 constet.
513 3155 669 3229 Vulgares
691 3161 778 3225 sunt,
795 3171 877 3228 quae
897 3152 992 3213 nihilo
1008 3153 1110 3213 minus
1129 3152 1162 3213 in

122 3226 213 3285 aliam
234 3246 300 3289 rem
321 3237 481 3296 transferri
494 3245 644 3312 possunt,
667 3238 694 3297 si
715 3237 898 3310 quisdicat:
923 3238 1160 3313 Quadruplator,

121 3314 156 3366 ut
172 3309 310 3370 breviter
324 3315 512 3391 describam,
534 3320 675 3395 capitalis
697 3328 761 3391 est;
784 3329 834 3380 est
857 3320 938 3380 enim
952 3320 1113 3395 improbus
1130 3328 1162 3383 et
1262 3371 1264 3406 ,

120 3390 251 3462 pestifer
266 3394 355 3454 civis.
383 3400 458 3457 Nam
470 3402 563 3462 nihilo
579 3403 678 3498 magis
695 3403 947 3479 quadruplatoris
963 3421 1057 3478 quam
1073 3404 1158 3474 iuris,

1262 3459 1264 3546 l
