2575 3892
153 146 216 211 146
522 149 573 208 nn
588 148 822 211 rnvnnuonn
1082 160 1085 185 ι
1156 169 1192 224 q

151 303 226 367 nihil
240 318 312 363 esse
327 299 493 375 crudelius,
511 318 603 375 quam
616 301 710 363 urbes
726 299 856 376 diruere,
874 319 968 377 quum
978 301 1049 379 ipse
1060 308 1188 373 Alexan-

151 387 206 448 der
226 385 346 445 Thebas
368 383 523 446 diruisset.
559 386 743 446 lnconstons
765 392 828 459 est,
856 387 941 460 quod
961 387 1001 447 ab
1020 388 1132 454 eodem
1151 396 1188 458 de

150 468 258 529 eadem
272 484 308 529 re
324 466 446 529 diverse
462 467 587 529 dieitur:
608 477 658 544 ut,
679 467 707 530 si
722 468 784 544 qui,
807 486 903 544 quum
920 468 1041 547 dixerit,
1066 475 1119 551 qui
1131 476 1188 539 vir-

147 560 244 615 tutem
264 553 389 625 habeat,
417 567 488 615 eum
508 551 622 614 nullius
643 551 690 614 rei
711 554 752 635 ad
765 553 845 614 bene
859 550 1029 617 vivendum
1043 556 1186 637 indigere,
1270 580 1271 651 ι

147 644 241 713 neget
254 644 367 714 postea
380 633 450 696 sine
464 637 548 699 bona
561 633 738 699 valetudine
752 652 850 712 posse
864 637 945 698 bene
958 637 1039 700 vivi:
1064 653 1131 718 aut,
1153 662 1188 707 se
1270 658 1271 735 t

148 721 248 783 amico
262 721 377 782 adesse
391 728 520 797 propter
533 718 790 796 benevolentiam,
813 737 940 797 sperare
955 729 1056 784 tamen
1071 726 1187 803 aliquid
1270 744 1271 795 ι

148 802 303 868 commodi
317 806 358 867 ad
372 821 407 866 se
421 812 651 882 perventurum.
686 801 737 866 ol.
753 805 929 866 Adversum
943 814 1006 880 est,
1027 811 1113 883 quod
1125 810 1188 886 ipsi
1270 814 1271 869 l

149 906 262 953 causae
283 887 389 964 aliqua
409 905 450 950 ex
464 899 553 965 parte
568 886 680 965 ollicit,
703 896 739 951 ιιι
753 888 780 949 si
796 887 849 964 qui
864 888 998 951 hostium
1011 889 1074 952 vim
1089 899 1121 954 et
1135 910 1186 955 eo·
1270 874 1271 935 i

147 977 217 1050 pias
240 981 271 1035 et
284 971 459 1035 felicitatem
474 981 600 1051 augeat,
628 990 723 1049 quum
736 973 778 1033 ad
792 975 992 1048 pugnandum
1006 973 1119 1037 milites
1133 978 1185 1039 ad·

146 1060 293 1123 hortetur.
329 1057 362 1119 Si
382 1075 445 1121 non
465 1060 507 1120 ad
527 1057 574 1132 id,
602 1058 688 1134 quod
701 1055 880 1131 instituitur,
907 1059 1189 1122 accommodabitur

147 1142 251 1220 aliqua
266 1159 340 1218 pars
356 1141 644 1219 argumentationis,
671 1142 783 1203 horum
795 1140 900 1217 aliquo
916 1140 947 1203 in
963 1140 1037 1204 vitio
1051 1143 1187 1219 reperie-

147 1237 210 1288 tur:
233 1225 260 1289 si
271 1228 364 1302 plura
378 1225 534 1304 pollicitus
548 1225 699 1304 pauciora
713 1225 950 1299 demonstrabit,
972 1226 1075 1300 amsi,
1091 1245 1187 1303 quum

146 1319 243 1373 totum
255 1309 379 1372 debebit
390 1312 564 1387 ostendere,
575 1313 616 1379 de
626 1318 714 1387 parte
724 1311 829 1386 aliqua
839 1312 990 1388 loquatur,
1002 1311 1060 1370 hoc
1072 1312 1187 1372 modo:

145 1394 308 1458 Mulierum
328 1411 428 1472 genus
450 1412 578 1457 avarum
592 1403 655 1468 est,
681 1410 752 1455 narn
765 1393 915 1474 Eriphyla
928 1409 1003 1455 aure
1017 1392 1076 1453 viri
1090 1392 1187 1457 vitam

84 1554 88 1563 .
148 1477 300 1542 vendidit=
325 1487 379 1540 aut
392 1479 419 1541 si
433 1496 496 1542 non
511 1479 558 1554 id,
580 1479 665 1556 quod
679 1478 891 1552 accusabitur,
912 1477 1073 1552 desendet,
1094 1485 1137 1552 ut,
1159 1476 1186 1539 si

147 1563 209 1638 qui,
232 1580 326 1637 quum
341 1563 474 1625 ambitus
489 1562 694 1636 accusabitur,
709 1580 802 1624 manu
817 1579 852 1624 se
867 1564 977 1625 fortem
990 1577 1064 1623 esse
1079 1560 1184 1623 delen-

149 1648 216 1718 det;
237 1649 289 1703 aut
301 1650 337 1704 ut
351 1643 507 1719 Amphion
523 1645 608 1720 apud
620 1643 806 1720 Euripidem,
823 1643 895 1704 item
910 1646 993 1721 apud
1008 1641 1184 1714 Pacuvium,

148 1729 200 1804 qui
210 1727 395 1803 vvituperata
409 1725 528 1799 musica
547 1726 729 1804 sapientiam
743 1729 865 1801 laudat;
889 1735 942 1789 aut
956 1727 983 1789 si
1003 1743 1056 1788 res
1079 1743 1119 1787 ex
1133 1726 1185 1786 ho-

147 1811 235 1874 minis
248 1811 321 1871 vitio
334 1811 564 1890 vituperabitur,
572 1820 613 1884 ut,
622 1812 649 1872 si
662 1813 715 1888 qui
725 1812 896 1874 doctrinam
908 1829 948 1874 ex
959 1810 1090 1879 alieuius
1102 1808 1186 1871 docti

147 1895 220 1957 vitio
234 1896 458 1971 reprehendam
480 1904 535 1957 aut
550 1895 660 1971 siqui,
682 1909 777 1973 quum
792 1897 924 1972 aliquem
944 1898 1031 1957 volet
1049 1895 1187 1962 laudare,

147 1981 186 2041 de
201 1977 346 2040 felicitate
360 1978 438 2054 eius,
453 1996 515 2041 non
532 1981 571 2041 de
586 1978 699 2041 virtute
711 1981 793 2042 dicet
801 2000 810 2054 ;
826 1986 879 2041 aut
893 1979 920 2040 si
934 1996 1000 2040 rem
1016 1996 1086 2040 curn
1096 1993 1130 2037 re
1143 1977 1189 2037 ita

147 2057 352 2134 comparabit,
378 2067 412 2123 ut
432 2061 557 2121 alteram
578 2076 613 2120 se
632 2076 694 2121 non
715 2066 804 2135 putet
817 2060 958 2133 laudare,
986 2059 1047 2122 nisi
1061 2062 1192 2123 alteram

146 2140 341 2219 vituperarit3
368 2151 422 2205 aut
442 2143 469 2205 si
489 2145 615 2204 alteram
629 2140 673 2204 ita
686 2144 805 2216 laudet,
831 2151 864 2207 ιιι
877 2143 1003 2206 alterius
1017 2161 1081 2204 non
1097 2143 1193 2206 saciat

145 2226 346 2299 mentionem
368 2225 419 2290 95.
435 2235 488 2289 aut
501 2227 537 2300 si,
555 2244 649 2304 quum
664 2227 704 2291 de
719 2235 849 2289 certare
865 2236 1038 2304 quaeretur,
1054 2228 1093 2289 de
1104 2244 1193 2290 eorn-

144 2308 229 2372 muni
243 2309 418 2375 instituetur
432 2311 544 2385 oratio,
569 2318 618 2385 ut,
645 2310 673 2373 si
689 2310 757 2388 qui,
785 2329 880 2388 quum
894 2310 990 2388 aliqui
1004 2311 1193 2387 deliberent,

144 2396 259 2458 bellum
273 2397 382 2471 gerant
399 2411 439 2455 an
453 2412 530 2469 uon,
553 2411 664 2471 pacem
679 2396 783 2457 laudet
798 2395 933 2472 omnino,
954 2412 1016 2465 non
1029 2392 1107 2455 illud
1121 2397 1195 2456 bel-

144 2481 207 2539 lum
220 2478 326 2541 inutile
341 2495 413 2541 esse
428 2479 632 2551 demonstret;
648 2487 701 2540 aut
712 2477 739 2540 si
750 2478 827 2542 ratio
840 2479 971 2542 alieuius
981 2476 1026 2539 rei
1037 2478 1198 2541 reddetur
1221 2500 1224 2505 ⁴

144 2562 238 2638 lalsa,
263 2563 324 2637 hoe
344 2564 454 2623 modo:
479 2562 614 2625 Pecunia
633 2564 749 2624 bonum
769 2572 831 2637 est,
858 2570 1023 2642 propterea
1045 2561 1135 2637 quod
1153 2579 1198 2625 ea

143 2645 276 2708 maxime
291 2647 383 2708 vitum
397 2647 520 2709 beatam
535 2646 664 2722 ellieiet3
688 2658 741 2713 aut
754 2650 884 2723 infirme,
899 2657 934 2717 ut
949 2651 1087 2712 Plautus:
1146 2718 1147 2721 Ἴ

226 2733 360 2793 Amicum
371 2733 567 2808 corriperem
577 2735 713 2794 merium
723 2736 855 2808 noxiam,

225 2818 565 2891 Immaaeestsueinat:
586 2820 921 2880 cmumtbaetateutt'le
975 2818 980 2827 '

221 2903 472 2972 Eteondaetbtte,·
492 2918 627 2976 aamepo
638 2903 766 2963 amabam
777 2900 970 2964 bodiemeunr

223 2988 432 3059 Correustipubo
439 3002 498 3061 pro
508 2988 678 3048 commerita
689 2989 799 3056 noxia·

142 3074 195 3150 aut
208 3070 326 3140 eadem,
342 3068 402 3130 hoe
417 3069 527 3137 modo=
541 3066 709 3130 Maximum
722 3070 836 3149 malurn
851 3075 900 3130 est
910 3065 1054 3139 avaritia;
1069 3068 1199 3129 multos

141 3144 223 3203 onim
242 3151 363 3222 magnis
384 3151 589 3231 incommodis
615 3151 731 3214 adfecit
753 3151 907 3228 pecuniae
934 3149 1105 3228 eupiditas;
1135 3157 1201 3211 aut

141 3234 250 3314 parum
270 3227 398 3304 idonea,
423 3235 484 3295 hoe
505 3237 615 3296 modo:
639 3235 807 3298 Maximum
827 3236 944 3297 bonurn
965 3243 1014 3296 est
1033 3232 1197 3304 amicitia3

141 3298 290 3365 plurumae
304 3311 386 3370 enim
398 3325 468 3376 sunt
479 3317 743 3379 delectationesin
755 3318 897 3380 amicilia.
918 3320 967 3379 LI.
982 3316 1033 3381 96.
1049 3312 1200 3392 Quartus

140 3379 253 3440 modus
277 3384 334 3445 erit
358 3397 625 3474 reprehensionis,
651 3414 709 3476 per
729 3418 821 3478 quem
835 3409 944 3465 eonua
957 3401 1076 3462 firmam
1092 3416 1201 3477 argu·
