2575 3892
105 199 142 257 89
307 190 425 251 LIBER
437 190 474 248 ΙΙ.
494 189 577 250 CAP.
589 196 711 250 42-43.
734 194 760 256 S·
777 198 934 252 lat-125.
1089 188 1150 253 191
1257 246 1258 255 ,

108 342 324 417 adsumptivae
337 342 471 401 maxime
486 342 663 403 sustinetur.
691 341 844 403 Nomium
858 343 1012 404 inducitur
1027 358 1151 416 compa-

104 429 200 501 ratio,
222 434 255 487 ut
268 426 300 488 in
315 441 369 498 eo,
398 426 465 500 qui,
494 440 587 500 quum
600 427 653 483 lex
667 427 780 500 aperiri
794 434 900 502 portas
914 434 1008 508 noctu
1022 432 1151 502 vetaret,
1257 426 1258 477 ἓ

106 513 228 586 aperuit
249 510 386 584 quodam
407 508 438 567 in
454 509 535 569 bello
551 516 582 568 et
596 510 711 568 auxilia
726 511 878 585 quaedam
893 511 924 568 in
941 513 1087 586 oppidum
1101 525 1150 569 re-

106 595 203 669 cepit,
230 609 271 652 ne
286 593 325 653 ab
338 594 481 669 hostibus
497 593 761 668 opprimerentur,
786 595 813 654 si
828 594 903 654 loris
919 601 1038 667 essent,
1066 595 1152 669 quod

103 693 206 753 prope
226 693 332 738 muros
353 678 462 738 hostes
484 683 586 736 eastra
606 676 770 745 haberent3
794 675 866 738 124.
881 685 945 739 tum
964 678 1072 738 relatio
1093 679 1149 735 eri-
1257 694 1258 703 ¹

104 763 209 834 minis,
231 767 265 820 ut
278 761 308 819 in
324 776 362 822 eo
377 758 479 833 milite,
502 763 564 835 qui,
586 776 681 835 quurn
696 762 867 822 communis
882 763 932 825 lex
948 762 1082 823 omnium
1095 759 1151 820 ho-

104 846 219 905 miuem
233 846 378 906 occidere
391 850 518 919 vetaret,
533 844 687 913 tribunum
702 860 802 919 suum,
819 846 870 920 qui
886 845 947 903 vitu
959 844 1018 904 sibi
1030 844 1153 903 adferre

106 938 278 1002 conaretur,
294 929 423 997 occidit;
438 934 502 990 tum
514 929 645 988 remotio
661 929 804 1003 criminis,
818 936 853 990 ut
867 929 897 986 in
913 943 960 1003 eo,
980 929 1041 1002 qui,
1058 930 1152 1002 quum

106 1015 173 1084 Iex,
201 1013 313 1087 quibus
328 1013 438 1072 diebus
453 1013 485 1072 in
498 1013 685 1086 legationem
698 1013 963 1088 proficisceretur,
988 1012 1150 1085 praestitu·
1257 1014 1258 1017 ’

106 1104 186 1170 erat,
212 1097 285 1171 quia
299 1104 455 1172 sumptum
470 1102 617 1171 quaestor
629 1111 695 1156 non
709 1097 808 1172 dedit,
833 1098 992 1172 proiectus
1008 1108 1069 1155 non
1087 1099 1153 1162 εει,

107 1187 170 1238 tum
193 1181 357 1241 concessio
379 1196 437 1255 per
451 1181 666 1257 purgationem
682 1188 712 1240 et
725 1196 783 1255 per
796 1180 1046 1257 imprudentiam,
1073 1184 1108 1237 ut
1120 1177 1152 1236 ln

104 1263 192 1323 vituli
207 1264 422 1338 immolatione,
439 1271 469 1324 et
482 1279 540 1338 per
553 1265 624 1334 rim,
640 1265 718 1324 utin
733 1279 813 1323 nave
826 1271 968 1338 rostrata,
984 1268 1014 1321 et
1028 1278 1085 1336 per
1100 1277 1150 1321 ca·
1257 1276 1258 1279 ’

108 1361 186 1419 sum,
208 1355 242 1407 nt
256 1347 286 1405 In
301 1347 436 1409 Eurotae
449 1348 668 1422 magnitudine.
702 1347 803 1421 Quare
817 1355 870 1408 aut
884 1348 926 1407 ita
940 1347 1092 1406 sententia
1105 1347 1150 1404 ln-

106 1429 250 1502 ducetur,
276 1438 310 1489 ut
329 1447 424 1490 unum
445 1432 592 1504 quiddam
607 1431 746 1491 noluisse
761 1432 1150 1506 scriptordemonstretor3

107 1519 160 1573 aut
174 1513 235 1583 sir,
258 1518 294 1571 ut
306 1512 337 1570 iu
352 1512 504 1572 eiusmodi
518 1528 553 1571 re
568 1520 598 1571 et
611 1521 751 1587 tempore
764 1513 825 1572 hoc
839 1512 978 1574 voluisse
993 1514 1150 1572 doceatur.

190 1595 293 1655 XLIII.
317 1592 555 1670 resurgitis,
583 1596 635 1670 qui
657 1597 804 1671 scriptum
825 1597 984 1670 desendet,
1009 1595 1057 1654 hIs
1071 1595 1151 1654 locis
1233 1602 1235 1607 ’

109 1681 292 1759 plerumque
306 1679 458 1752 omnibus,
474 1680 593 1738 maiore
608 1685 709 1739 autem
722 1687 811 1753 parte
826 1693 949 1754 semper
964 1679 1151 1754 potentiali:

110 1763 239 1839 primum
254 1763 415 1839 scriptoris
431 1763 656 1825 collaudatione
671 1770 701 1823 et
714 1766 784 1824 loco
800 1764 968 1837 communi,
994 1762 1068 1820 nihil
1083 1776 1148 1833 eos,

110 1849 161 1922 qui
175 1847 326 1922 iudicent,
350 1847 410 1906 nisi
425 1847 471 1920 id,
494 1846 580 1921 quod
595 1847 742 1921 scrIptum
758 1847 811 1921 slt,
831 1852 974 1920 spectare
989 1851 1149 1920 oportere;

109 1938 139 1990 et
158 1930 219 1991 hoe
240 1946 278 1992 eo
299 1931 413 2004 magis,
439 1932 467 1990 si
488 1931 655 2005 legitimum
671 1932 816 2005 scriptum
831 1931 1019 2005 proferetur,
1045 1929 1149 2003 idest,
1257 1954 1258 1973 ι

109 2020 161 2074 aut
177 2016 228 2074 Iex
242 2016 312 2090 ipsa
332 2021 386 2074 aut
405 2013 523 2090 aliquid
534 2029 576 2073 ex
591 2016 668 2088 lege.
703 2013 823 2089 Postea,
846 2013 932 2090 quod
945 2013 1150 2074 vehementis·

109 2098 220 2165 simum
246 2107 307 2173 est,
337 2098 409 2158 laeti
434 2106 486 2159 aut
508 2099 685 2159 intentionis
711 2099 959 2160 adversamorum
983 2113 1054 2157 cum
1077 2097 1150 2170 ipso

109 2182 226 2255 scripto
248 2182 461 2257 contentione,
486 2182 561 2258 quid
581 2183 729 2258 scriptum
748 2182 801 2255 sit,
828 2182 903 2257 quid
918 2180 1046 2254 tactum,
1076 2180 1151 2254 quid
1257 2180 1258 2185 ’

108 2265 225 2325 iuratus
245 2266 355 2334 iudex3
386 2280 478 2340 quem
497 2269 601 2326 locum
618 2267 720 2326 multis
734 2267 835 2326 modis
850 2265 971 2324 variare
986 2264 1148 2339 oportebit,

107 2355 172 2407 tum
192 2349 296 2422 ipsum
316 2363 423 2409 seeum
438 2350 653 2424 admirantem,
682 2350 828 2425 quidnam
843 2355 950 2409 cenna
964 2348 1025 2408 dici
1036 2348 1151 2422 possit,

106 2439 172 2491 tum
193 2432 234 2491 ad
255 2433 366 2493 iudIcis
387 2432 522 2493 cilicium
542 2440 747 2494 revertentem
765 2439 799 2492 et
819 2432 858 2492 ab
882 2446 919 2492 eo
942 2437 1151 2505 quaerentem,

109 2514 183 2589 quid
197 2523 358 2590 praeterea
372 2516 480 2576 audire
494 2523 547 2577 aut
561 2522 744 2591 exspectare
758 2514 886 2584 debeam
900 2522 965 2574 tum
979 2515 1081 2589 ipsum
1095 2515 1150 2573 ad·
1257 2566 1258 2589 3

106 2596 294 2668 versarium,
309 2598 399 2672 quasi
413 2598 444 2658 in
462 2597 551 2660 testis
572 2600 643 2660 Ioco
659 2600 879 2674 producendo,
896 2598 957 2660 hoe
978 2606 1042 2673 est,
1057 2599 1152 2659 inter-

106 2680 259 2754 rogando,
273 2687 376 2741 utrum
389 2681 539 2757 scriptum
551 2689 648 2756 neget
662 2696 734 2742 esse
747 2700 786 2744 eo
802 2685 906 2755 modo,
921 2698 960 2743 an
973 2680 1011 2742 ab
1028 2696 1063 2742 se
1078 2697 1154 2742 con-

106 2770 156 2822 tra
176 2764 291 2825 lectum
311 2778 383 2825 esse
402 2771 457 2825 aut
480 2771 590 2824 contra
611 2765 757 2826 contendi
776 2774 886 2841 ‘neget3
910 2773 1013 2827 utrum
1035 2781 1154 2841 negare

107 2867 204 2910 ausus
226 2851 280 2922 sit,
307 2865 342 2910 se
363 2852 467 2910 dicere
488 2850 668 2910 desiturum.
703 2846 774 2910 tao.
796 2848 830 2909 Si
850 2855 992 2909 neutrum
1012 2854 1103 2924 neget
1118 2854 1148 2908 et

108 2941 215 2994 contra
225 2941 327 2995 tamen
339 2931 524 2994 dieatznihil
536 2948 616 3009 esse,
633 2933 882 3009 quodhominem
892 2931 1149 3007 impudentiorem

109 3019 275 3095 quisquam
289 3033 325 3080 se
336 3018 478 3079 vtsuruur
492 3018 663 3085 arbitretur.
698 3013 733 3076 In
746 3016 807 3077 hoc
820 3014 863 3077 ita
876 3016 1058 3077 commorari
1073 3031 1147 3077 oon-

31 3172 34 3187 ,
106 3104 223 3177 veniet,
251 3103 340 3180 quasi
360 3100 434 3164 nihil
456 3110 615 3178 praeterea
635 3102 799 3162 dicendum
820 3101 860 3161 sit
880 3107 910 3160 et
931 3102 1020 3175 quasi
1042 3107 1149 3160 eontra
1257 3146 1258 3151 ,

31 3192 32 3219 ³
108 3186 169 3246 dici
179 3186 253 3247 nihil
264 3188 373 3264 possit,
386 3202 482 3263 saepe
492 3187 533 3261 id,
547 3186 631 3263 quod
641 3186 790 3261 scriptum
801 3188 856 3260 est,
868 3183 1036 3257 recitando,
1053 3197 1150 3258 saepe

109 3284 179 3330 eum
201 3272 316 3346 scripto
338 3273 451 3332 laetum
472 3269 642 3331 adversarii
663 3267 858 3344 confligendo
879 3273 972 3342 atque
995 3267 1151 3328 interdum

109 3355 221 3415 acriter
234 3356 275 3416 ad
288 3356 422 3416 iudicem
435 3357 537 3432 Ipsum
552 3354 746 3415 revertendo.
775 3353 842 3426 Quo
855 3352 887 3413 in
901 3353 971 3411 Ioco
987 3349 1080 3411 indIei
1095 3348 1151 3404 de·

31 3454 32 3517 j
109 3440 343 3501 monstrandum
358 3447 415 3515 est,
438 3440 513 3514 quid
527 3439 644 3500 iuratus
660 3439 709 3515 sit,
733 3435 807 3511 quid
823 3435 913 3510 sequi
927 3434 1051 3494 debean
1072 3427 1151 3485 dua-
