2575 3892
9 0 229 190 ε”ἷῑἵ
243 86 249 97 ·
1061 134 1067 146 ,

9 120 112 290 ,y
140 186 231 275 ‘uta
536 185 835 245 DEINVENTlOltlt
1178 200 1218 253 10

9 291 33 338 t*
53 282 105 313 ‘¹⁴³
140 278 142 281 ’

49 326 113 415 ;’Ϊ’“’“Ϊ
167 338 286 401 Relatio
308 335 443 397 criminis
464 344 527 410 est,
554 354 648 411 quum
668 335 740 397 ideo
761 335 827 397 iure
842 337 954 397 lactum
970 336 1096 410 dicitur,
1124 343 1218 415 quod

23 379 41 578 bt
106 440 108 443 ’
167 421 280 497 aliquis
294 427 365 480 ante
379 418 490 481 iniuria
503 420 683 483 lacessierit.
720 420 913 496 Comparatio
929 428 993 493 est,
1015 438 1112 496 quum
1126 424 1217 486 aliud

9 505 42 586 nj
96 554 100 575 ,
164 505 296 579 aliquod
306 503 460 576 [alicuius]
470 504 583 564 lactum
597 512 714 581 rectum
729 513 781 565 aut
796 504 871 565 utile
884 504 1096 580 contenditur,
1124 510 1215 582 quod

59 630 64 637 ψ’
88 598 102 631 ³
168 597 202 650 ut
216 589 312 662 lieret,
328 586 411 660 illud,
430 588 515 663 quod
529 587 675 662 arguitur,
690 587 800 650 dicitur
816 604 889 648 csse
904 587 1114 651 commissum.

16 713 74 743 1-
96 668 112 711 ἶ
143 698 145 703 >
253 669 303 734 16.
325 672 359 731 ln
375 680 484 747 quarta
499 672 725 745 constitutione,
741 688 834 747 quam
847 672 1056 733 translativam
1071 673 1215 735 nomina-

25 758 36 833 ‘t
167 772 254 827 mus,
281 754 349 816 eius
370 753 597 816 constitutionis
618 764 667 816 est
688 756 914 829 controuersia,
940 772 1034 831 quum
1049 766 1104 818 aut
1119 776 1213 834 quern
1278 835 1279 838 Ἴ

169 849 223 901 aut
243 839 368 913 quicum
388 846 441 900 aut
462 839 618 914 quomodo
639 848 692 899 aut
712 841 796 915 apud
818 856 897 914 quos
919 848 972 901 ant
993 857 1055 913 quo
1076 840 1144 903 iure
1158 850 1215 905 aut
1278 843 1279 878 ³

21 996 24 1005 ἕ
123 988 125 991 ,
172 941 234 1000 quo
255 930 394 998 tempore
414 937 507 998 agere
528 929 684 998 oporteat,
710 922 865 998 quaeritur
885 930 937 984 aut
951 923 1076 984 omnino
1091 924 1213 1001 aliquid

124 1042 127 1047 ·
168 1009 210 1068 de
226 1004 463 1067 commutatione
477 1013 529 1066 aut
540 1005 744 1068 infirmatione
753 1005 885 1078 actionis
896 1006 1004 1081 agitur.
1026 1007 1126 1069 Huius
1137 1026 1211 1070 con·
1278 1017 1279 1058 1

172 1091 338 1151 stitutionis
353 1092 558 1165 Hermagoras
580 1088 722 1151 inventor
744 1105 815 1152 esse
836 1090 1042 1164 existimatur,
1068 1108 1131 1152 non
1148 1111 1212 1168 quo

12 1172 38 1253 js⁴
90 1202 92 1207 v
111 1220 115 1227 .
169 1188 234 1233 non
255 1173 305 1232 usi
327 1173 387 1232 sint
406 1190 445 1232 ea
458 1182 580 1233 veteres
596 1182 735 1234 oratores
750 1189 846 1248 saepe
860 1173 961 1246 multi,
988 1174 1045 1235 sed
1060 1175 1133 1250 quia
1146 1193 1214 1238 non

11 1250 86 1337 ;1„„4
167 1255 451 1315 animadverterunt
472 1256 545 1315 artis
567 1255 735 1330 scriptores
756 1271 824 1315 earn
846 1256 1024 1332 superiores
1044 1267 1212 1323 necrcttu·

8 1342 60 1399 Δὶ,
86 1362 97 1415 ῃ
171 1342 272 1398 lerunt
291 1338 322 1397 in
345 1354 504 1398 numerum
524 1338 785 1400 constitutionum.
819 1339 893 1400 Post
913 1348 1016 1403 autem
1034 1341 1143 1401 abhoc
1159 1341 1212 1404 iu-

12 1416 74 1499 5⁵2,
170 1429 294 1482 ventam
314 1420 401 1481 multi
420 1423 700 1496 reprehenderunt,
726 1438 806 1498 quos
832 1440 894 1484 non
919 1432 981 1485 tam
1005 1423 1213 1500 imprudentia

13 1500 30 1545 ¹<
48 1512 63 1565 :t
89 1508 97 1583 ἦ
156 1506 235 1566 salli
256 1513 399 1580 putamus
413 1541 456 1553 -
469 1521 521 1566 res
542 1504 624 1565 enim
643 1506 810 1582 perspicua
831 1516 879 1569 est
901 1541 955 1580 -,
981 1524 1074 1586 quam
1092 1506 1212 1568 invidia

9 1648 16 1659 „
65 1648 68 1651 ,
84 1584 96 1639 s·
169 1596 266 1663 atque
281 1588 503 1651 obtrectatione
519 1591 653 1665 quadarn
667 1590 819 1665 impediri.
840 1591 904 1651 ΧΠ.
918 1592 957 1652 Et
971 1590 1209 1653 constitutiones

172 1674 298 1750 quidem
313 1682 343 1734 et
357 1689 462 1743 earum
477 1681 580 1749 panes
596 1673 816 1749 exposuimus,
833 1677 976 1750 exempla
989 1683 1092 1736 autern
1107 1675 1211 1751 cuius·

92 1778 95 1779 ⁷
174 1773 234 1832 que
254 1757 376 1832 generis
397 1766 460 1818 tum
482 1756 673 1818 commodius
696 1756 867 1833 exposituri
886 1758 1042 1832 videmur,
1069 1777 1167 1834 quum
1182 1759 1213 1819 in

167 1858 266 1900 ¹unum
282 1842 428 1916 quodque
442 1858 550 1901 eorum
564 1849 811 1914 argumentorum
825 1842 947 1916 copiam
961 1842 1113 1905 dabimus.
1135 1844 1214 1903 Nam

49 1962 53 2001 2,
171 1924 406 1998 argumentandi
427 1923 504 1983 ratio
527 1923 690 1984 dilucidior
704 1924 776 1996 erit,
803 1941 898 1999 quum
912 1928 997 1986 etad
1011 1942 1109 2001 genus
1125 1929 1217 1986 etad

49 2008 52 2021 ”
111 2048 112 2051 ,
171 2008 348 2079 exemplum
364 2021 478 2065 causae
494 2004 595 2065 statim
608 2005 721 2079 poterit
735 2008 971 2068 accommodari.

10 2128 16 2159 r
40 2152 41 2155 Ἴ
255 2085 305 2147 rt.
328 2087 550 2147 Constitutione
571 2104 685 2166 causae
706 2097 843 2164 reperta,
869 2091 971 2152 statim
992 2094 1094 2169 placet
1108 2091 1216 2154 consi-

8 2168 16 2230 ζ
50 2246 53 2253 ’
87 2176 102 2249 j
167 2173 296 2244 derare,
316 2177 417 2230 utrum
432 2186 527 2230 causa
542 2169 582 2231 sit
596 2169 727 2246 simplex
740 2189 780 2232 an
795 2172 912 2246 iuncta;
939 2176 1012 2237 etsi
1026 2177 1130 2238 iuncta
1145 2175 1217 2251 erit,

9 2253 14 2304 ἱ
171 2264 272 2317 utrum
287 2252 327 2315 sit
341 2253 534 2328 expluribus
550 2255 783 2329 quaestionibus
794 2256 899 2319 iuncta
909 2276 949 2319 an
959 2277 1001 2320 ex
1012 2260 1116 2334 aliqua
1127 2274 1215 2321 com·

9 2331 11 2360 ³
72 2374 74 2377 v
170 2338 340 2416 paratione.
363 2336 502 2413 Simplex
517 2345 573 2410 est,
589 2355 669 2413 quae
682 2340 854 2402 absolutam
869 2341 900 2402 in
916 2360 952 2403 se
966 2342 1101 2404 continet
1117 2359 1221 2404 unam

99 2440 102 2443 ’
143 2488 147 2493 ,
172 2422 401 2498 quaestionem,
427 2422 486 2481 hoc
508 2422 617 2481 modo:
648 2421 811 2484 Corinthiis
833 2425 947 2486 bellurn
970 2423 1140 2484 indicamus
1168 2441 1221 2486 an

88 2510 89 2513 ’
171 2513 256 2564 nont
284 2504 452 2564 Coniuncta
473 2504 673 2579 expluribus
700 2507 948 2582 quaestionibus,
972 2506 1003 2564 in
1027 2521 1088 2579 qua
1116 2506 1221 2578 plura

151 2595 367 2663 „quaeruntun
384 2588 444 2648 hoc
458 2597 565 2662 pacto:
585 2588 692 2648 Utrum
705 2591 860 2667 Karthago
875 2590 1009 2650 diruatur
1023 2605 1062 2648 an
1071 2587 1218 2651 ‚Kartha-

170 2670 363 2748 giniensibus
378 2672 525 2732 reddatur
539 2688 579 2730 an
594 2689 632 2733 eo
648 2674 770 2735 colonia
785 2676 963 2737 deducatur.
983 2673 1032 2735 Ex
1047 2676 1217 2746 compara-

28 2756 30 2759 ’
52 2798 53 2801 =
88 2810 90 2813 ,
169 2757 262 2828 tione,
278 2756 309 2815 in
325 2774 386 2832 qua
400 2772 457 2841 per
471 2755 707 2830 contentionem,
724 2766 822 2818 utrum
835 2758 939 2835 potius
954 2765 1007 2819 aut
1022 2755 1097 2833 quid
1110 2756 1216 2830 potis-

171 2843 282 2904 simum
298 2841 353 2915 sit,
375 2839 545 2916 quaeritur,
567 2840 704 2902 adhunc
718 2844 858 2903 modum:
884 2840 992 2905 Utrum
1007 2839 1162 2902 exercitus
1179 2840 1217 2901 in

161 2925 382 2988 Macedoniam
397 2934 503 2986 contra
514 2923 686 2999 Philippum
701 2924 842 2998 mittatur,
860 2924 913 3001 qui
925 2925 1020 2986 sociis
1032 2923 1072 2986 sit
1082 2921 1216 2999 auxilio,

159 3025 209 3066 van
231 3018 369 3068 teneatur
390 3009 420 3067 in
435 3008 535 3080 ltalia,
561 3016 702 3081 utquam
716 3009 868 3069 maximae
883 3016 991 3069 contra
1003 3006 1216 3067 Hannibalem

74 3094 85 3139 =1
165 3090 279 3162 *copiae
301 3091 370 3150 sint.
404 3091 521 3150 Deinde
543 3090 802 3150 considerandum
822 3100 884 3165 est,
911 3091 943 3151 in
967 3089 1086 3151 ratione
1111 3105 1150 3149 an
1177 3088 1216 3151 in

9 3229 10 3234 ,
170 3171 284 3242 scripto
306 3172 346 3231 sit
370 3171 591 3233 controversia.
621 3174 698 3232 Nam
720 3173 827 3248 scripti
847 3174 1062 3236 controversia
1087 3182 1134 3233 est
1160 3188 1216 3248 ea,

50 3310 53 3315 ,
86 3266 103 3315 ‚2
167 3265 249 3325 quae
270 3267 310 3306 ex
330 3253 505 3325 scriptionis
527 3270 640 3327 genere
661 3255 806 3316 nascitur.
841 3252 918 3316 Xlll.
940 3259 1016 3319 Eius
1038 3264 1139 3317 autem
1155 3271 1213 3329 ge-

27 3356 30 3359 ·
169 3342 258 3396 nera,
284 3345 363 3399 quae
385 3344 527 3405 separata
541 3344 612 3395 sunt
626 3352 646 3394 a
661 3337 945 3412 constitutionibuS,
972 3339 1110 3412 quinque
1125 3347 1215 3400 sunt.

160 3406 243 3462 Nam
257 3416 320 3465 tum
334 3413 429 3470 verba
441 3413 512 3483 ipsa
526 3417 669 3477 videntur
684 3434 753 3478 cum
769 3420 920 3480 sententia
935 3420 1097 3495 scriptoris
1113 3420 1216 3482 dissi·
