2575 3892
133 198 197 265 llo
359 192 362 197 ’
502 198 553 257 DE
568 195 802 256 INVENTIONE
1148 210 1191 264 53

129 353 279 413 hahemus
294 350 502 420 constitutum,
518 357 551 409 ut
567 364 662 409 causa
678 348 769 408 cadat
781 345 818 420 is,
834 346 888 421 qui
902 362 964 407 non
976 352 1189 423 quemadmo-

131 438 204 495 dum
219 442 341 509 oportet
356 432 462 507 egerit.
494 431 545 494 58.
561 431 662 506 Quare
676 431 708 491 in
722 430 789 491 inre
803 431 988 506 pierumque
1003 446 1187 498 versantur.

129 518 176 580 lbi
191 518 271 579 enim
287 525 318 577 et
332 516 534 591 exceptiones
549 517 745 591 postulantur
758 523 790 575 et
805 515 941 590 quodam
954 516 1048 578 modo
1065 521 1187 594 agendi

129 610 271 679 potestas
292 601 381 661 datur
405 608 436 661 et
461 600 560 661 omnis
586 598 751 675 conceptio
776 599 968 673 privatorum
993 599 1185 665 iudiciorum

130 685 334 748 constituitur.
356 686 389 744 ln
405 684 484 758 ipsis
499 692 601 744 autem
616 682 740 743 iudiciis
754 681 854 742 rarius
868 681 1009 745 incidunt
1021 692 1182 763 ettamen,

130 770 157 831 si
173 770 299 846 quando
313 768 459 839 incidunt,
483 766 636 828 eiusmodi
653 775 732 838 sunt,
754 774 788 826 ut
802 782 860 841 per
875 782 910 826 se
925 766 1027 828 minus
1042 768 1183 833 habeant

128 852 340 924 firmitudinis,
367 852 586 913 continuentur
605 854 709 912 autern
729 850 895 925 adsumpta
908 850 969 911 alia
983 851 1090 927 aliqua
1104 870 1182 916 oon·

130 937 302 999 stitutione:
325 935 410 997 utin
433 935 567 1011 quodam
587 932 719 1008 iudicio,
745 950 840 1009 quum
859 934 993 995 venetici
1015 935 1183 999 cuiusdam

129 1037 242 1081 nomen
264 1028 348 1080 esset
369 1020 503 1080 delatum
524 1027 570 1093 et,
594 1016 675 1093 quia·
693 1016 851 1094 parricidii
876 1034 972 1080 causa
998 1020 1179 1097 subscripta

128 1112 230 1177 esset,
256 1113 344 1164 extra
365 1102 503 1163 ordinem
519 1111 604 1163 esset
618 1110 795 1178 acceptum,
823 1116 917 1178 quum
930 1102 961 1163 in
975 1105 1182 1166 accusatione

127 1187 189 1246 alia
210 1188 362 1262 quaedam
377 1186 505 1246 crimina
518 1186 649 1246 testibus
663 1193 695 1246 et
708 1185 895 1261 argumentis
911 1187 1178 1263 confirmarentur,

128 1269 286 1345 parricidii
296 1276 399 1328 autem
410 1267 525 1327 mentio
538 1268 639 1328 solnm
651 1269 733 1328 lacta
744 1277 830 1331 esset
839 1290 898 1344 -;
907 1270 1051 1332 defensor
1064 1270 1097 1329 in
1112 1272 1181 1334 hoc

127 1354 198 1428 ipso
214 1354 339 1412 multrun
355 1360 477 1426 oportet
491 1360 522 1412 et
536 1352 589 1412 diu
604 1351 768 1413 consistat:
786 1370 881 1428 quum
895 1354 935 1414 de
947 1369 1020 1414 nece
1030 1358 1179 1428 parentis

128 1435 203 1496 nihil
216 1436 459 1497 demonstratum
474 1433 529 1508 sit,
554 1434 714 1510 indignum
728 1435 849 1498 focinus
863 1453 936 1499 esse
950 1453 987 1498 ea
1000 1452 1103 1512 poena
1116 1440 1180 1499 ad-

127 1520 222 1580 ficere
237 1532 316 1593 eum,
340 1536 402 1596 qua
415 1518 589 1595 parricidae
603 1519 804 1591 adliciuntum
826 1520 858 1581 id
872 1530 983 1595 autem,
1005 1520 1032 1582 si
1047 1521 1178 1582 damna-

127 1613 225 1679 retur,
246 1604 314 1664 fieri
328 1620 459 1665 necesse
474 1620 556 1677 esse,
580 1603 726 1678 qnoniam
741 1613 772 1665 et
785 1603 819 1665 id
833 1621 948 1667 causae
963 1605 1176 1680 subscriptum

128 1696 158 1749 et
179 1704 217 1747 ea
236 1703 270 1748 re
291 1703 404 1748 nomen
425 1696 513 1749 extra
534 1686 674 1749 ordinem
694 1687 733 1750 sit
747 1697 920 1765 accepnnn.
955 1687 1007 1750 59.
1021 1689 1067 1751 Ea
1081 1688 1176 1764 igilur

127 1787 231 1847 poena
256 1770 283 1831 si
307 1771 399 1832 adiici
423 1786 509 1832 reum
535 1788 597 1833 non
619 1781 776 1847 oporteat,
802 1772 941 1833 damnari
963 1789 1090 1848 quoque
1111 1791 1176 1834 non

129 1865 282 1929 oportere,
300 1855 445 1929 quoniam
460 1872 498 1915 ea
511 1872 615 1930 poena
629 1856 857 1918 damnationem
870 1856 1050 1918 necessario
1063 1870 1174 1917 eonse-

128 1947 249 2012 quatur.
283 1939 340 1998 Hic
355 1939 502 2000 defensor
516 1955 638 2013 poenae
654 1940 922 2002 commutationem
936 1957 978 2002 ex
992 1940 1174 2002 translative

127 2036 240 2095 genere
265 2020 440 2083 inducendo
461 2030 556 2083 totam
577 2023 741 2085 infirmabit
761 2025 1001 2085 accusationem.
1042 2026 1174 2084 Verum-

127 2112 227 2164 tamen
252 2103 382 2164 caeteris
404 2118 530 2181 quoque
551 2105 730 2168 criminibus
750 2109 956 2170 defendendis
973 2107 1176 2169 coniecturali

127 2186 347 2251 constitutione
360 2189 592 2252 translationem
608 2192 810 2254 confirmabit.
841 2192 904 2253 XX.
919 2192 1103 2267 Exemplum
1118 2208 1173 2251 au-

126 2282 187 2334 tem
198 2274 406 2336 translationis
418 2275 449 2334 in
461 2290 557 2336 causa
568 2275 704 2349 positum
713 2275 802 2337 nobis
816 2275 855 2337 sit
866 2274 1057 2337 huiusmodi:
1073 2275 1173 2348 Quum

126 2359 167 2416 ad
189 2358 250 2418 vim
271 2357 443 2419 taciendam
466 2357 590 2433 quidam
610 2359 718 2419 armati
738 2360 913 2431 venissent,
939 2354 1046 2421 armati
1062 2366 1175 2420 contra

126 2450 253 2514 praesto
268 2443 399 2513 luerunt,
415 2449 446 2499 et
459 2441 580 2500 cuidam
595 2442 692 2516 equiti
704 2443 845 2503 Romano
857 2443 980 2518 quidam
992 2457 1030 2501 ex
1042 2441 1174 2503 armatis

125 2521 281 2582 resistenti
295 2523 398 2595 gladio
412 2539 536 2583 manum
550 2524 709 2598 praecidit.
744 2526 818 2601 Agit
831 2525 868 2598 is,
889 2525 940 2586 eui
954 2539 1059 2585 manus
1075 2540 1174 2597 prae-

125 2604 192 2664 cisa
206 2612 268 2676 est,
290 2603 476 2666 iniuriarum.
512 2606 648 2667 Postulat
662 2607 699 2679 is,
723 2608 847 2683 quicum
861 2609 968 2684 agitur,
990 2615 1173 2683 apraetore

125 2686 357 2762 exceptionem=
372 2704 474 2750 rxrnn
489 2706 573 2758 onan
588 2707 620 2749 in
634 2707 716 2750 naun
731 2708 847 2754 cnrrrrs
862 2705 1078 2760 rnxarunrerun
1088 2707 1171 2750 rrxr.

125 2772 176 2834 60.
191 2772 248 2831 Hic
263 2771 307 2845 is,
328 2772 381 2848 qui
396 2773 473 2848 agit,
495 2774 642 2836 iudicium
655 2791 767 2850 purum
782 2778 933 2852 postulat3
954 2777 1021 2849 ille,
1044 2772 1172 2851 quicum

125 2857 239 2930 agitur,
264 2856 480 2932 exceptionem
494 2858 567 2918 addi
582 2857 628 2919 ait
639 2867 794 2934 oportere.
830 2859 976 2934 Quaestio
992 2866 1055 2920 est:
1079 2857 1171 2918 Exci·
1259 2882 1260 2885 ¹

126 2941 273 3016 piendum
288 2939 335 3012 sit,
351 2957 390 3001 an
405 2957 477 3002 non.
498 2941 605 3002 Ratio:
619 2943 689 3002 Non
704 2942 785 3004 enim
800 2951 924 3019 oportet
936 2939 1171 3021 recuperatorio

124 3023 239 3084 iudicio
256 3023 323 3084 eius
338 3023 496 3097 maleficii,
520 3026 559 3084 de
575 3043 637 3101 quo
653 3025 732 3087 inter
747 3026 876 3087 sicarios
893 3026 1059 3103 quaeritur,
1081 3040 1170 3101 prae-

122 3106 271 3167 iudicium
291 3108 367 3168 lieri.
402 3108 568 3170 Infirmatio
590 3109 735 3170 rationis=
759 3109 921 3172 Eiusmodi
941 3119 1014 3171 sunt
1027 3107 1168 3180 iniuriae,

123 3196 158 3245 ut
178 3189 218 3245 de
238 3188 276 3247 iis
297 3189 457 3265 indignum
477 3191 517 3252 sit
538 3208 600 3252 non
615 3191 716 3268 primo
732 3210 858 3270 quoquo
872 3203 1013 3269 tempore
1027 3189 1169 3256 iudicari.
1259 3216 1260 3247 t

123 3265 288 3324 ludicati0=
303 3273 457 3333 atrocitas
468 3274 645 3336 iniuriarum
657 3277 774 3338 satisne
786 3276 960 3351 eausaesit,
974 3290 1080 3353 quare,
1097 3277 1171 3335 dum
1259 3298 1260 3331 1

123 3345 164 3400 de
178 3359 217 3399 ea
229 3345 389 3421 iudicatur,
405 3356 445 3412 de
459 3357 564 3431 aliquo
578 3359 694 3420 maiore
709 3360 871 3433 maleficio,
887 3361 926 3420 de
943 3378 1005 3435 quo
1021 3357 1171 3420 iudicium
1259 3354 1260 3431 ᾖ

123 3429 333 3490 comparatum
346 3429 392 3498 sit
406 3437 641 3502 praeiudicatur.
664 3444 768 3516 Atque
780 3444 956 3517 exemplum
969 3442 1095 3518 quidem
1108 3443 1172 3502 hoe
1259 3446 1260 3505 l

1201 3 1213 48 8Ι
