<?xml version="1.0" encoding="UTF-8"?>
<!DOCTYPE html PUBLIC "-//W3C//DTD XHTML 1.0 Transitional//EN"
    "http://www.w3.org/TR/xhtml1/DTD/xhtml1-transitional.dtd">
<html xmlns="http://www.w3.org/1999/xhtml" xml:lang="en" lang="en">
 <head>
  <title>
</title>
<meta http-equiv="Content-Type" content="text/html;charset=utf-8" />
  <meta name='ocr-system' content='tesseract 3.04.00' />
  <meta name='ocr-capabilities' content='ocr_page ocr_carea ocr_par ocr_line ocrx_word'/>
</head>
<body>
  <div class='ocr_page' id='page_1' title='image "./mtulliiciceroni00friegoog/mtulliiciceroni00friegoog_0172.png"; bbox 0 0 2575 3892; ppageno 0'>
   <div class='ocr_carea' id='block_1_1' title="bbox 138 179 1269 3545">
    <p class='ocr_par' dir='ltr' id='par_1_1' title="bbox 138 179 1269 3506">
     <span class='ocr_line' id='line_1_1' title="bbox 153 179 1263 327; baseline -0.014 -80"><span class='ocrx_word' id='word_1_1' title='bbox 153 187 212 247; x_wconf 76' lang='lat'>124</span> <span class='ocrx_word' id='word_1_2' title='bbox 511 180 561 239; x_wconf 78' lang='lat' dir='ltr'>DE</span> <span class='ocrx_word' id='word_1_3' title='bbox 583 179 819 240; x_wconf 75' lang='lat' dir='ltr'>lNVENTlONE</span> <span class='ocrx_word' id='word_1_4' title='bbox 1182 190 1221 242; x_wconf 64' lang='grc' dir='ltr'><em>ῃ</em></span> <span class='ocrx_word' id='word_1_5' title='bbox 1258 252 1263 327; x_wconf 41' lang='grc'>1</span> 
     </span>
     <span class='ocr_line' id='line_1_2' title="bbox 150 344 1210 424; baseline -0.006 -11"><span class='ocrx_word' id='word_1_6' title='bbox 150 347 406 424; x_wconf 84' lang='lat' dir='ltr'>consangnineis3</span> <span class='ocrx_word' id='word_1_7' title='bbox 422 354 532 418; x_wconf 87' lang='lat' dir='ltr'>aetate,</span> <span class='ocrx_word' id='word_1_8' title='bbox 544 363 624 422; x_wconf 87' lang='lat' dir='ltr'>puer</span> <span class='ocrx_word' id='word_1_9' title='bbox 639 362 678 406; x_wconf 84' lang='lat' dir='ltr'>an</span> <span class='ocrx_word' id='word_1_10' title='bbox 695 346 890 414; x_wconf 80' lang='lat' dir='ltr'>adolescens,</span> <span class='ocrx_word' id='word_1_11' title='bbox 906 350 981 403; x_wconf 86' lang='lat' dir='ltr'>natu</span> <span class='ocrx_word' id='word_1_12' title='bbox 992 344 1159 420; x_wconf 82' lang='lat' dir='ltr'>grandior</span> <span class='ocrx_word' id='word_1_13' title='bbox 1171 365 1210 407; x_wconf 88' lang='lat' dir='ltr'>an</span> 
     </span>
     <span class='ocr_line' id='line_1_3' title="bbox 149 426 1206 495; baseline -0.005 0"><span class='ocrx_word' id='word_1_14' title='bbox 149 451 255 495; x_wconf 84' lang='lat' dir='ltr'><strong>senex.</strong></span> <span class='ocrx_word' id='word_1_15' title='bbox 285 433 448 492; x_wconf 87' lang='lat' dir='ltr'>Praeterea</span> <span class='ocrx_word' id='word_1_16' title='bbox 463 432 629 490; x_wconf 86' lang='lat' dir='ltr'>commoda</span> <span class='ocrx_word' id='word_1_17' title='bbox 644 438 676 490; x_wconf 90' lang='lat' dir='ltr'>et</span> <span class='ocrx_word' id='word_1_18' title='bbox 688 426 883 489; x_wconf 86' lang='lat' dir='ltr'>incommoda</span> <span class='ocrx_word' id='word_1_19' title='bbox 899 430 1152 490; x_wconf 79' lang='lat' dir='ltr'>considerantur</span> <span class='ocrx_word' id='word_1_20' title='bbox 1168 431 1206 490; x_wconf 84' lang='lat' dir='ltr'>ab</span> 
     </span>
     <span class='ocr_line' id='line_1_4' title="bbox 148 512 1262 589; baseline -0.003 -12"><span class='ocrx_word' id='word_1_21' title='bbox 148 525 257 577; x_wconf 87' lang='lat' dir='ltr'>nature</span> <span class='ocrx_word' id='word_1_22' title='bbox 268 516 341 576; x_wconf 87' lang='lat' dir='ltr'>data</span> <span class='ocrx_word' id='word_1_23' title='bbox 351 513 454 575; x_wconf 90' lang='lat' dir='ltr'>animo</span> <span class='ocrx_word' id='word_1_24' title='bbox 466 522 519 575; x_wconf 90' lang='lat' dir='ltr'>ant</span> <span class='ocrx_word' id='word_1_25' title='bbox 529 514 667 589; x_wconf 86' lang='lat' dir='ltr'>corpori,</span> <span class='ocrx_word' id='word_1_26' title='bbox 681 513 740 574; x_wconf 90' lang='lat' dir='ltr'>hoc</span> <span class='ocrx_word' id='word_1_27' title='bbox 752 513 861 572; x_wconf 91' lang='lat' dir='ltr'>modo:</span> <span class='ocrx_word' id='word_1_28' title='bbox 880 513 988 571; x_wconf 88' lang='lat' dir='ltr'>valeus</span> <span class='ocrx_word' id='word_1_29' title='bbox 1004 529 1045 572; x_wconf 87' lang='lat' dir='ltr'>an</span> <span class='ocrx_word' id='word_1_30' title='bbox 1056 512 1203 574; x_wconf 89' lang='lat' dir='ltr'>imbecil·</span> <span class='ocrx_word' id='word_1_31' title='bbox 1261 528 1262 533; x_wconf 72' lang='grc'>’</span> 
     </span>
     <span class='ocr_line' id='line_1_5' title="bbox 147 592 1261 674; baseline -0.008 -14"><span class='ocrx_word' id='word_1_32' title='bbox 147 603 213 673; x_wconf 91' lang='lat' dir='ltr'>lus;</span> <span class='ocrx_word' id='word_1_33' title='bbox 227 603 338 674; x_wconf 79' lang='lat' dir='ltr'>longus</span> <span class='ocrx_word' id='word_1_34' title='bbox 350 615 390 660; x_wconf 87' lang='lat' dir='ltr'>aa</span> <span class='ocrx_word' id='word_1_35' title='bbox 400 598 522 670; x_wconf 82' lang='lat' dir='ltr'>brevis3</span> <span class='ocrx_word' id='word_1_36' title='bbox 535 599 694 658; x_wconf 80' lang='lat' dir='ltr'>formosus</span> <span class='ocrx_word' id='word_1_37' title='bbox 702 613 740 656; x_wconf 85' lang='lat' dir='ltr'>un</span> <span class='ocrx_word' id='word_1_38' title='bbox 748 592 911 664; x_wconf 79' lang='lat' dir='ltr'>deformis3</span> <span class='ocrx_word' id='word_1_39' title='bbox 923 595 1018 656; x_wconf 86' lang='lat' dir='ltr'>velox</span> <span class='ocrx_word' id='word_1_40' title='bbox 1028 612 1071 656; x_wconf 86' lang='lat' dir='ltr'>an</span> <span class='ocrx_word' id='word_1_41' title='bbox 1085 600 1201 658; x_wconf 90' lang='lat' dir='ltr'>tardus</span> <span class='ocrx_word' id='word_1_42' title='bbox 1256 642 1261 651; x_wconf 88' lang='lat'>.</span> 
     </span>
     <span class='ocr_line' id='line_1_6' title="bbox 148 655 1265 769; baseline -0.004 -24"><span class='ocrx_word' id='word_1_43' title='bbox 148 684 203 758; x_wconf 84' lang='lat' dir='ltr'>sit3</span> <span class='ocrx_word' id='word_1_44' title='bbox 216 692 326 745; x_wconf 89' lang='lat' dir='ltr'>acutus</span> <span class='ocrx_word' id='word_1_45' title='bbox 339 699 377 742; x_wconf 91' lang='lat' dir='ltr'>au</span> <span class='ocrx_word' id='word_1_46' title='bbox 390 682 546 753; x_wconf 82' lang='lat' dir='ltr'>hebetior3</span> <span class='ocrx_word' id='word_1_47' title='bbox 561 696 683 742; x_wconf 86' lang='lat' dir='ltr'>memor</span> <span class='ocrx_word' id='word_1_48' title='bbox 693 696 732 739; x_wconf 92' lang='lat' dir='ltr'>an</span> <span class='ocrx_word' id='word_1_49' title='bbox 744 678 916 738; x_wconf 84' lang='lat' dir='ltr'>obliviosus</span> <span class='ocrx_word' id='word_1_50' title='bbox 924 698 933 750; x_wconf 90' lang='lat'>;</span> <span class='ocrx_word' id='word_1_51' title='bbox 949 680 1058 753; x_wconf 90' lang='lat' dir='ltr'>comis,</span> <span class='ocrx_word' id='word_1_52' title='bbox 1070 681 1199 745; x_wconf 85' lang='lat' dir='ltr'>officio·</span> <span class='ocrx_word' id='word_1_53' title='bbox 1255 655 1265 769; x_wconf 54' lang='lat' dir='ltr'>‚i</span> 
     </span>
     <span class='ocr_line' id='line_1_7' title="bbox 148 762 1265 875; baseline -0.004 -46"><span class='ocrx_word' id='word_1_54' title='bbox 148 786 212 841; x_wconf 91' lang='lat' dir='ltr'>sus,</span> <span class='ocrx_word' id='word_1_55' title='bbox 226 768 356 843; x_wconf 87' lang='lat' dir='ltr'>pudens,</span> <span class='ocrx_word' id='word_1_56' title='bbox 364 765 486 842; x_wconf 85' lang='lat' dir='ltr'>petiens</span> <span class='ocrx_word' id='word_1_57' title='bbox 497 782 536 824; x_wconf 90' lang='lat' dir='ltr'>an</span> <span class='ocrx_word' id='word_1_58' title='bbox 547 774 668 826; x_wconf 87' lang='lat' dir='ltr'>contra.</span> <span class='ocrx_word' id='word_1_59' title='bbox 679 764 717 824; x_wconf 81' lang='lat' dir='ltr'>lit</span> <span class='ocrx_word' id='word_1_60' title='bbox 728 762 952 836; x_wconf 86' lang='lat' dir='ltr'>omnino,quae</span> <span class='ocrx_word' id='word_1_61' title='bbox 963 778 983 822; x_wconf 87' lang='lat' dir='ltr'>a</span> <span class='ocrx_word' id='word_1_62' title='bbox 993 773 1111 824; x_wconf 86' lang='lat' dir='ltr'>natura</span> <span class='ocrx_word' id='word_1_63' title='bbox 1124 766 1196 825; x_wconf 87' lang='lat' dir='ltr'>dan·</span> <span class='ocrx_word' id='word_1_64' title='bbox 1249 776 1265 875; x_wconf 51' lang='lat' dir='ltr'>p</span> 
     </span>
     <span class='ocr_line' id='line_1_8' title="bbox 148 845 1265 931; baseline -0.004 -19"><span class='ocrx_word' id='word_1_65' title='bbox 148 861 197 912; x_wconf 89' lang='lat' dir='ltr'>tur</span> <span class='ocrx_word' id='word_1_66' title='bbox 209 852 310 912; x_wconf 86' lang='lat' dir='ltr'>animo</span> <span class='ocrx_word' id='word_1_67' title='bbox 324 858 355 911; x_wconf 92' lang='lat' dir='ltr'>et</span> <span class='ocrx_word' id='word_1_68' title='bbox 365 847 499 924; x_wconf 82' lang='lat' dir='ltr'>corpori,</span> <span class='ocrx_word' id='word_1_69' title='bbox 512 848 794 909; x_wconf 84' lang='lat' dir='ltr'>considerabuntur</span> <span class='ocrx_word' id='word_1_70' title='bbox 880 845 911 903; x_wconf 92' lang='lat' dir='ltr'>in</span> <span class='ocrx_word' id='word_1_71' title='bbox 927 853 1037 907; x_wconf 86' lang='lat' dir='ltr'>natura</span> <span class='ocrx_word' id='word_1_72' title='bbox 1050 846 1195 909; x_wconf 88' lang='lat' dir='ltr'>conside·</span> <span class='ocrx_word' id='word_1_73' title='bbox 1264 926 1265 931; x_wconf 8' lang='grc' dir='ltr'>ἵ</span> 
     </span>
     <span class='ocr_line' id='line_1_9' title="bbox 148 929 1193 1008; baseline -0.003 -13"><span class='ocrx_word' id='word_1_74' title='bbox 148 938 245 996; x_wconf 80' lang='lat' dir='ltr'>rande</span> <span class='ocrx_word' id='word_1_75' title='bbox 256 942 337 995; x_wconf 89' lang='lat' dir='ltr'>sunt.</span> <span class='ocrx_word' id='word_1_76' title='bbox 350 935 513 1008; x_wconf 83' lang='lat' dir='ltr'>Numquae</span> <span class='ocrx_word' id='word_1_77' title='bbox 523 931 677 993; x_wconf 89' lang='lat' dir='ltr'>industria</span> <span class='ocrx_word' id='word_1_78' title='bbox 688 936 914 1006; x_wconf 87' lang='lat' dir='ltr'>comparantur,</span> <span class='ocrx_word' id='word_1_79' title='bbox 922 930 963 989; x_wconf 87' lang='lat' dir='ltr'>ad</span> <span class='ocrx_word' id='word_1_80' title='bbox 972 929 1116 991; x_wconf 88' lang='lat' dir='ltr'>habitum</span> <span class='ocrx_word' id='word_1_81' title='bbox 1128 947 1193 1006; x_wconf 87' lang='lat' dir='ltr'>per·</span> 
     </span>
     <span class='ocr_line' id='line_1_10' title="bbox 147 1012 1191 1092; baseline -0.004 -13"><span class='ocrx_word' id='word_1_82' title='bbox 147 1021 252 1091; x_wconf 83' lang='lat' dir='ltr'>tinent,</span> <span class='ocrx_word' id='word_1_83' title='bbox 267 1020 306 1077; x_wconf 91' lang='lat' dir='ltr'>de</span> <span class='ocrx_word' id='word_1_84' title='bbox 319 1033 381 1092; x_wconf 89' lang='lat' dir='ltr'>qno</span> <span class='ocrx_word' id='word_1_85' title='bbox 394 1014 554 1092; x_wconf 84' lang='lat' dir='ltr'>posterius</span> <span class='ocrx_word' id='word_1_86' title='bbox 567 1026 614 1077; x_wconf 89' lang='lat' dir='ltr'>est</span> <span class='ocrx_word' id='word_1_87' title='bbox 626 1014 799 1075; x_wconf 86' lang='lat' dir='ltr'>dicendum.</span> <span class='ocrx_word' id='word_1_88' title='bbox 826 1013 922 1074; x_wconf 84' lang='lat' dir='ltr'>XXV.</span> <span class='ocrx_word' id='word_1_89' title='bbox 941 1013 975 1072; x_wconf 94' lang='lat' dir='ltr'>ln</span> <span class='ocrx_word' id='word_1_90' title='bbox 987 1012 1074 1075; x_wconf 89' lang='lat' dir='ltr'>victu</span> <span class='ocrx_word' id='word_1_91' title='bbox 1091 1016 1191 1077; x_wconf 77' lang='lat' dir='ltr'>consi-</span> 
     </span>
     <span class='ocr_line' id='line_1_11' title="bbox 148 1093 1192 1175; baseline -0.004 -13"><span class='ocrx_word' id='word_1_92' title='bbox 148 1105 258 1162; x_wconf 89' lang='lat' dir='ltr'>derare</span> <span class='ocrx_word' id='word_1_93' title='bbox 270 1108 404 1175; x_wconf 87' lang='lat' dir='ltr'>oportet,</span> <span class='ocrx_word' id='word_1_94' title='bbox 419 1100 505 1174; x_wconf 87' lang='lat' dir='ltr'>apud</span> <span class='ocrx_word' id='word_1_95' title='bbox 520 1117 600 1174; x_wconf 89' lang='lat' dir='ltr'>quos</span> <span class='ocrx_word' id='word_1_96' title='bbox 613 1108 644 1159; x_wconf 90' lang='lat' dir='ltr'>et</span> <span class='ocrx_word' id='word_1_97' title='bbox 659 1114 721 1173; x_wconf 90' lang='lat' dir='ltr'>quo</span> <span class='ocrx_word' id='word_1_98' title='bbox 737 1113 823 1158; x_wconf 89' lang='lat' dir='ltr'>more</span> <span class='ocrx_word' id='word_1_99' title='bbox 839 1104 870 1156; x_wconf 91' lang='lat' dir='ltr'>et</span> <span class='ocrx_word' id='word_1_100' title='bbox 884 1093 973 1156; x_wconf 91' lang='lat' dir='ltr'>cuius</span> <span class='ocrx_word' id='word_1_101' title='bbox 989 1097 1144 1158; x_wconf 85' lang='lat' dir='ltr'>arbitratu</span> <span class='ocrx_word' id='word_1_102' title='bbox 1154 1099 1192 1158; x_wconf 89' lang='lat' dir='ltr'>sit</span> 
     </span>
     <span class='ocr_line' id='line_1_12' title="bbox 148 1178 1191 1258; baseline 0 -15"><span class='ocrx_word' id='word_1_103' title='bbox 148 1185 307 1257; x_wconf 75' lang='lat' dir='ltr'>educatus,</span> <span class='ocrx_word' id='word_1_104' title='bbox 331 1199 411 1258; x_wconf 92' lang='lat' dir='ltr'>quos</span> <span class='ocrx_word' id='word_1_105' title='bbox 433 1182 577 1243; x_wconf 87' lang='lat' dir='ltr'>habuerit</span> <span class='ocrx_word' id='word_1_106' title='bbox 596 1181 704 1241; x_wconf 88' lang='lat' dir='ltr'>artium</span> <span class='ocrx_word' id='word_1_107' title='bbox 721 1180 890 1241; x_wconf 87' lang='lat' dir='ltr'>liberalium</span> <span class='ocrx_word' id='word_1_108' title='bbox 912 1178 1090 1255; x_wconf 82' lang='lat' dir='ltr'>magistros,</span> <span class='ocrx_word' id='word_1_109' title='bbox 1109 1198 1191 1257; x_wconf 88' lang='lat' dir='ltr'>quos</span> 
     </span>
     <span class='ocr_line' id='line_1_13' title="bbox 147 1264 1265 1341; baseline 0.001 -16"><span class='ocrx_word' id='word_1_110' title='bbox 147 1266 271 1325; x_wconf 85' lang='lat' dir='ltr'>vivendi</span> <span class='ocrx_word' id='word_1_111' title='bbox 293 1272 527 1341; x_wconf 85' lang='lat' dir='ltr'>praeceptores,</span> <span class='ocrx_word' id='word_1_112' title='bbox 543 1265 655 1339; x_wconf 88' lang='lat' dir='ltr'>quibus</span> <span class='ocrx_word' id='word_1_113' title='bbox 673 1264 779 1323; x_wconf 89' lang='lat' dir='ltr'>amieis</span> <span class='ocrx_word' id='word_1_114' title='bbox 796 1271 911 1335; x_wconf 89' lang='lat' dir='ltr'>utatur,</span> <span class='ocrx_word' id='word_1_115' title='bbox 928 1280 990 1339; x_wconf 91' lang='lat' dir='ltr'>quo</span> <span class='ocrx_word' id='word_1_116' title='bbox 1005 1265 1034 1323; x_wconf 93' lang='lat' dir='ltr'>in</span> <span class='ocrx_word' id='word_1_117' title='bbox 1049 1267 1191 1338; x_wconf 79' lang='lat' dir='ltr'>negotio,</span> <span class='ocrx_word' id='word_1_118' title='bbox 1258 1282 1265 1313; x_wconf 66' lang='lat' dir='ltr'>l</span> 
     </span>
     <span class='ocr_line' id='line_1_14' title="bbox 149 1344 1192 1424; baseline 0.001 -16"><span class='ocrx_word' id='word_1_119' title='bbox 149 1357 288 1424; x_wconf 87' lang='lat' dir='ltr'>quaestu,</span> <span class='ocrx_word' id='word_1_120' title='bbox 301 1346 430 1407; x_wconf 87' lang='lat' dir='ltr'>artificio</span> <span class='ocrx_word' id='word_1_121' title='bbox 444 1347 484 1406; x_wconf 88' lang='lat' dir='ltr'>sit</span> <span class='ocrx_word' id='word_1_122' title='bbox 496 1354 679 1424; x_wconf 86' lang='lat' dir='ltr'>occupatus,</span> <span class='ocrx_word' id='word_1_123' title='bbox 688 1363 749 1421; x_wconf 92' lang='lat' dir='ltr'>quo</span> <span class='ocrx_word' id='word_1_124' title='bbox 761 1347 855 1407; x_wconf 90' lang='lat' dir='ltr'>modo</span> <span class='ocrx_word' id='word_1_125' title='bbox 868 1362 934 1406; x_wconf 90' lang='lat' dir='ltr'>rem</span> <span class='ocrx_word' id='word_1_126' title='bbox 946 1344 1121 1407; x_wconf 82' lang='lat' dir='ltr'>luniliarem</span> <span class='ocrx_word' id='word_1_127' title='bbox 1134 1352 1192 1409; x_wconf 90' lang='lat' dir='ltr'>ad-</span> 
     </span>
     <span class='ocr_line' id='line_1_15' title="bbox 147 1430 1190 1506; baseline 0 -15"><span class='ocrx_word' id='word_1_128' title='bbox 147 1431 307 1502; x_wconf 85' lang='lat' dir='ltr'>ministret,</span> <span class='ocrx_word' id='word_1_129' title='bbox 320 1446 382 1506; x_wconf 85' lang='lat' dir='ltr'>que</span> <span class='ocrx_word' id='word_1_130' title='bbox 393 1433 621 1491; x_wconf 88' lang='lat' dir='ltr'>consuetudine</span> <span class='ocrx_word' id='word_1_131' title='bbox 631 1430 803 1491; x_wconf 86' lang='lat' dir='ltr'>domestica</span> <span class='ocrx_word' id='word_1_132' title='bbox 815 1430 863 1490; x_wconf 89' lang='lat' dir='ltr'>sit.</span> <span class='ocrx_word' id='word_1_133' title='bbox 884 1431 919 1489; x_wconf 93' lang='lat' dir='ltr'>In</span> <span class='ocrx_word' id='word_1_134' title='bbox 933 1432 1052 1491; x_wconf 84' lang='lat' dir='ltr'>lormna</span> <span class='ocrx_word' id='word_1_135' title='bbox 1064 1431 1190 1504; x_wconf 85' lang='lat' dir='ltr'>quaeri·</span> 
     </span>
     <span class='ocr_line' id='line_1_16' title="bbox 138 1512 1187 1591; baseline -0.001 -14"><span class='ocrx_word' id='word_1_136' title='bbox 138 1524 206 1589; x_wconf 86' lang='lat' dir='ltr'>tur,</span> <span class='ocrx_word' id='word_1_137' title='bbox 218 1530 328 1576; x_wconf 85' lang='lat' dir='ltr'>servus</span> <span class='ocrx_word' id='word_1_138' title='bbox 340 1513 380 1574; x_wconf 90' lang='lat' dir='ltr'>sit</span> <span class='ocrx_word' id='word_1_139' title='bbox 390 1530 430 1574; x_wconf 90' lang='lat' dir='ltr'>au</span> <span class='ocrx_word' id='word_1_140' title='bbox 441 1512 530 1589; x_wconf 89' lang='lat' dir='ltr'>liber,</span> <span class='ocrx_word' id='word_1_141' title='bbox 542 1514 732 1591; x_wconf 87' lang='lat' dir='ltr'>pecuniosus</span> <span class='ocrx_word' id='word_1_142' title='bbox 745 1530 783 1575; x_wconf 89' lang='lat' dir='ltr'>an</span> <span class='ocrx_word' id='word_1_143' title='bbox 797 1512 907 1587; x_wconf 69' lang='lat' dir='ltr'>tenuit,</span> <span class='ocrx_word' id='word_1_144' title='bbox 915 1513 1054 1589; x_wconf 85' lang='lat' dir='ltr'>privatus</span> <span class='ocrx_word' id='word_1_145' title='bbox 1066 1529 1106 1572; x_wconf 86' lang='lat' dir='ltr'>an</span> <span class='ocrx_word' id='word_1_146' title='bbox 1119 1530 1187 1576; x_wconf 87' lang='lat' dir='ltr'>cum</span> 
     </span>
     <span class='ocr_line' id='line_1_17' title="bbox 148 1597 1186 1676; baseline -0.004 -15"><span class='ocrx_word' id='word_1_147' title='bbox 148 1608 318 1676; x_wconf 88' lang='lat' dir='ltr'>potestate:</span> <span class='ocrx_word' id='word_1_148' title='bbox 335 1597 445 1659; x_wconf 88' lang='lat' dir='ltr'>sicum</span> <span class='ocrx_word' id='word_1_149' title='bbox 461 1607 630 1674; x_wconf 85' lang='lat' dir='ltr'>potestate,</span> <span class='ocrx_word' id='word_1_150' title='bbox 646 1597 713 1659; x_wconf 85' lang='lat' dir='ltr'>iure</span> <span class='ocrx_word' id='word_1_151' title='bbox 727 1615 765 1657; x_wconf 90' lang='lat' dir='ltr'>an</span> <span class='ocrx_word' id='word_1_152' title='bbox 782 1597 906 1670; x_wconf 81' lang='lat' dir='ltr'>iniuria3</span> <span class='ocrx_word' id='word_1_153' title='bbox 923 1597 1013 1669; x_wconf 85' lang='lat' dir='ltr'>felix,</span> <span class='ocrx_word' id='word_1_154' title='bbox 1030 1600 1135 1659; x_wconf 87' lang='lat' dir='ltr'>clarus</span> <span class='ocrx_word' id='word_1_155' title='bbox 1151 1616 1186 1658; x_wconf 88' lang='lat' dir='ltr'>an</span> 
     </span>
     <span class='ocr_line' id='line_1_18' title="bbox 148 1680 1186 1759; baseline -0.002 -16"><span class='ocrx_word' id='word_1_156' title='bbox 148 1693 257 1743; x_wconf 88' lang='lat' dir='ltr'>eontra</span> <span class='ocrx_word' id='word_1_157' title='bbox 265 1704 273 1755; x_wconf 91' lang='lat'>;</span> <span class='ocrx_word' id='word_1_158' title='bbox 292 1685 400 1759; x_wconf 86' lang='lat' dir='ltr'>quales</span> <span class='ocrx_word' id='word_1_159' title='bbox 414 1682 530 1742; x_wconf 91' lang='lat' dir='ltr'>liberos</span> <span class='ocrx_word' id='word_1_160' title='bbox 546 1684 669 1742; x_wconf 88' lang='lat' dir='ltr'>habeat.</span> <span class='ocrx_word' id='word_1_161' title='bbox 688 1686 735 1742; x_wconf 80' lang='lat' dir='ltr'>Ac</span> <span class='ocrx_word' id='word_1_162' title='bbox 750 1682 778 1742; x_wconf 91' lang='lat' dir='ltr'>si</span> <span class='ocrx_word' id='word_1_163' title='bbox 793 1683 833 1740; x_wconf 90' lang='lat' dir='ltr'>de</span> <span class='ocrx_word' id='word_1_164' title='bbox 847 1696 910 1740; x_wconf 92' lang='lat' dir='ltr'>non</span> <span class='ocrx_word' id='word_1_165' title='bbox 924 1680 999 1739; x_wconf 85' lang='lat' dir='ltr'>vivo</span> <span class='ocrx_word' id='word_1_166' title='bbox 1012 1691 1186 1756; x_wconf 83' lang='lat' dir='ltr'>quaeretur,</span> 
     </span>
     <span class='ocr_line' id='line_1_19' title="bbox 149 1763 1186 1843; baseline -0.003 -15"><span class='ocrx_word' id='word_1_167' title='bbox 149 1768 241 1828; x_wconf 91' lang='lat' dir='ltr'>etiam</span> <span class='ocrx_word' id='word_1_168' title='bbox 256 1766 341 1843; x_wconf 86' lang='lat' dir='ltr'>quali</span> <span class='ocrx_word' id='word_1_169' title='bbox 354 1773 455 1827; x_wconf 84' lang='lat' dir='ltr'>morte</span> <span class='ocrx_word' id='word_1_170' title='bbox 471 1767 511 1826; x_wconf 90' lang='lat' dir='ltr'>sit</span> <span class='ocrx_word' id='word_1_171' title='bbox 525 1768 676 1839; x_wconf 88' lang='lat' dir='ltr'>adlectus,</span> <span class='ocrx_word' id='word_1_172' title='bbox 694 1765 752 1825; x_wconf 88' lang='lat' dir='ltr'>erit</span> <span class='ocrx_word' id='word_1_173' title='bbox 766 1763 1037 1824; x_wconf 84' lang='lat' dir='ltr'>considerandum.</span> <span class='ocrx_word' id='word_1_174' title='bbox 1065 1763 1116 1825; x_wconf 87' lang='grc'>36.</span> <span class='ocrx_word' id='word_1_175' title='bbox 1131 1767 1186 1825; x_wconf 87' lang='lat' dir='ltr'>lla·</span> 
     </span>
     <span class='ocr_line' id='line_1_20' title="bbox 149 1847 1187 1925; baseline -0.002 -15"><span class='ocrx_word' id='word_1_176' title='bbox 149 1853 244 1911; x_wconf 87' lang='lat' dir='ltr'>bitum</span> <span class='ocrx_word' id='word_1_177' title='bbox 262 1859 365 1910; x_wconf 87' lang='lat' dir='ltr'>autem</span> <span class='ocrx_word' id='word_1_178' title='bbox 382 1851 464 1910; x_wconf 91' lang='lat' dir='ltr'>hunc</span> <span class='ocrx_word' id='word_1_179' title='bbox 479 1852 687 1925; x_wconf 87' lang='lat' dir='ltr'>appellamus:</span> <span class='ocrx_word' id='word_1_180' title='bbox 710 1847 802 1908; x_wconf 86' lang='lat' dir='ltr'>animi</span> <span class='ocrx_word' id='word_1_181' title='bbox 816 1856 870 1908; x_wconf 88' lang='lat' dir='ltr'>aut</span> <span class='ocrx_word' id='word_1_182' title='bbox 885 1848 1027 1922; x_wconf 85' lang='lat' dir='ltr'>corporis</span> <span class='ocrx_word' id='word_1_183' title='bbox 1047 1857 1187 1909; x_wconf 86' lang='lat' dir='ltr'>constan·</span> 
     </span>
     <span class='ocr_line' id='line_1_21' title="bbox 148 1930 1188 2006; baseline -0.002 -13"><span class='ocrx_word' id='word_1_184' title='bbox 148 1942 211 1993; x_wconf 89' lang='lat' dir='ltr'>tem</span> <span class='ocrx_word' id='word_1_185' title='bbox 223 1940 253 1992; x_wconf 90' lang='lat' dir='ltr'>et</span> <span class='ocrx_word' id='word_1_186' title='bbox 264 1935 439 1992; x_wconf 85' lang='lat' dir='ltr'>absolutam</span> <span class='ocrx_word' id='word_1_187' title='bbox 451 1933 554 2006; x_wconf 88' lang='lat' dir='ltr'>aliqua</span> <span class='ocrx_word' id='word_1_188' title='bbox 568 1933 598 1990; x_wconf 90' lang='lat' dir='ltr'>in</span> <span class='ocrx_word' id='word_1_189' title='bbox 610 1948 646 1991; x_wconf 93' lang='lat' dir='ltr'>re</span> <span class='ocrx_word' id='word_1_190' title='bbox 657 1931 888 2006; x_wconf 86' lang='lat' dir='ltr'>perlectionem,</span> <span class='ocrx_word' id='word_1_191' title='bbox 897 1938 932 1991; x_wconf 92' lang='lat' dir='ltr'>ut</span> <span class='ocrx_word' id='word_1_192' title='bbox 944 1930 1067 1993; x_wconf 71' lang='lat' dir='ltr'>vututis</span> <span class='ocrx_word' id='word_1_193' title='bbox 1079 1940 1130 1991; x_wconf 90' lang='lat' dir='ltr'>aut</span> <span class='ocrx_word' id='word_1_194' title='bbox 1141 1949 1188 1991; x_wconf 88' lang='lat' dir='ltr'>ur-</span> 
     </span>
     <span class='ocr_line' id='line_1_22' title="bbox 149 2014 1190 2091; baseline 0 -17"><span class='ocrx_word' id='word_1_195' title='bbox 149 2017 187 2074; x_wconf 89' lang='lat' dir='ltr'>tis</span> <span class='ocrx_word' id='word_1_196' title='bbox 204 2015 333 2074; x_wconf 89' lang='lat' dir='ltr'>alienius</span> <span class='ocrx_word' id='word_1_197' title='bbox 345 2014 580 2091; x_wconf 88' lang='lat' dir='ltr'>perceptionem</span> <span class='ocrx_word' id='word_1_198' title='bbox 593 2023 648 2074; x_wconf 88' lang='lat' dir='ltr'>aut</span> <span class='ocrx_word' id='word_1_199' title='bbox 660 2014 801 2089; x_wconf 87' lang='lat' dir='ltr'>quamvis</span> <span class='ocrx_word' id='word_1_200' title='bbox 813 2015 973 2076; x_wconf 84' lang='lat' dir='ltr'>scientiam</span> <span class='ocrx_word' id='word_1_201' title='bbox 989 2024 1021 2076; x_wconf 93' lang='lat' dir='ltr'>et</span> <span class='ocrx_word' id='word_1_202' title='bbox 1034 2018 1106 2076; x_wconf 87' lang='lat' dir='ltr'>item</span> <span class='ocrx_word' id='word_1_203' title='bbox 1119 2031 1190 2075; x_wconf 91' lang='lat' dir='ltr'>cor·</span> 
     </span>
     <span class='ocr_line' id='line_1_23' title="bbox 148 2096 1192 2173; baseline 0.003 -16"><span class='ocrx_word' id='word_1_204' title='bbox 148 2096 234 2173; x_wconf 87' lang='lat' dir='ltr'>poris</span> <span class='ocrx_word' id='word_1_205' title='bbox 246 2097 380 2172; x_wconf 87' lang='lat' dir='ltr'>aliquam</span> <span class='ocrx_word' id='word_1_206' title='bbox 392 2098 640 2158; x_wconf 86' lang='lat' dir='ltr'>commoditatem</span> <span class='ocrx_word' id='word_1_207' title='bbox 652 2114 716 2158; x_wconf 94' lang='lat' dir='ltr'>non</span> <span class='ocrx_word' id='word_1_208' title='bbox 728 2105 838 2159; x_wconf 85' lang='lat' dir='ltr'>natura</span> <span class='ocrx_word' id='word_1_209' title='bbox 849 2098 962 2169; x_wconf 84' lang='lat' dir='ltr'>datam,</span> <span class='ocrx_word' id='word_1_210' title='bbox 975 2101 1033 2159; x_wconf 92' lang='lat' dir='ltr'>sed</span> <span class='ocrx_word' id='word_1_211' title='bbox 1043 2099 1145 2160; x_wconf 89' lang='lat' dir='ltr'>studio</span> <span class='ocrx_word' id='word_1_212' title='bbox 1161 2108 1192 2160; x_wconf 90' lang='lat' dir='ltr'>et</span> 
     </span>
     <span class='ocr_line' id='line_1_24' title="bbox 147 2179 1191 2256; baseline 0.003 -17"><span class='ocrx_word' id='word_1_213' title='bbox 147 2179 300 2240; x_wconf 87' lang='lat' dir='ltr'>industrie</span> <span class='ocrx_word' id='word_1_214' title='bbox 314 2187 445 2256; x_wconf 85' lang='lat' dir='ltr'>partam.</span> <span class='ocrx_word' id='word_1_215' title='bbox 480 2181 627 2243; x_wconf 83' lang='lat' dir='ltr'>Adfectio</span> <span class='ocrx_word' id='word_1_216' title='bbox 644 2189 692 2243; x_wconf 86' lang='lat' dir='ltr'>est</span> <span class='ocrx_word' id='word_1_217' title='bbox 712 2180 805 2242; x_wconf 89' lang='lat' dir='ltr'>animi</span> <span class='ocrx_word' id='word_1_218' title='bbox 824 2189 877 2242; x_wconf 88' lang='lat' dir='ltr'>aut</span> <span class='ocrx_word' id='word_1_219' title='bbox 896 2183 1041 2256; x_wconf 85' lang='lat' dir='ltr'>eorporis</span> <span class='ocrx_word' id='word_1_220' title='bbox 1057 2199 1097 2242; x_wconf 87' lang='lat' dir='ltr'>ex</span> <span class='ocrx_word' id='word_1_221' title='bbox 1113 2191 1191 2243; x_wconf 83' lang='lat' dir='ltr'>tenn-</span> 
     </span>
     <span class='ocr_line' id='line_1_25' title="bbox 148 2263 1269 2341; baseline 0.004 -17"><span class='ocrx_word' id='word_1_222' title='bbox 148 2280 226 2339; x_wconf 88' lang='lat' dir='ltr'>pore</span> <span class='ocrx_word' id='word_1_223' title='bbox 241 2263 346 2339; x_wconf 85' lang='lat' dir='ltr'>aliqua</span> <span class='ocrx_word' id='word_1_224' title='bbox 362 2266 402 2325; x_wconf 88' lang='lat' dir='ltr'>de</span> <span class='ocrx_word' id='word_1_225' title='bbox 417 2281 514 2325; x_wconf 88' lang='lat' dir='ltr'>cansa</span> <span class='ocrx_word' id='word_1_226' title='bbox 527 2265 735 2337; x_wconf 86' lang='lat' dir='ltr'>commutatio,</span> <span class='ocrx_word' id='word_1_227' title='bbox 750 2272 784 2326; x_wconf 92' lang='lat' dir='ltr'>ut</span> <span class='ocrx_word' id='word_1_228' title='bbox 772 2268 861 2325; x_wconf 86' lang='lat' dir='ltr'>ttlae</span> <span class='ocrx_word' id='word_1_229' title='bbox 862 2264 928 2336; x_wconf 88' lang='lat' dir='ltr'>itia,</span> <span class='ocrx_word' id='word_1_230' title='bbox 945 2266 1108 2341; x_wconf 81' lang='lat' dir='ltr'>cupiditas,</span> <span class='ocrx_word' id='word_1_231' title='bbox 1123 2282 1192 2327; x_wconf 90' lang='lat' dir='ltr'>me·</span> <span class='ocrx_word' id='word_1_232' title='bbox 1264 2270 1269 2329; x_wconf 86' lang='lat' dir='ltr'>l</span> 
     </span>
     <span class='ocr_line' id='line_1_26' title="bbox 146 2346 1196 2424; baseline 0.002 -16"><span class='ocrx_word' id='word_1_233' title='bbox 146 2357 209 2420; x_wconf 81' lang='lat' dir='ltr'>tue,</span> <span class='ocrx_word' id='word_1_234' title='bbox 224 2346 346 2409; x_wconf 89' lang='lat' dir='ltr'>molest</span> <span class='ocrx_word' id='word_1_235' title='bbox 324 2356 376 2421; x_wconf 86' lang='lat' dir='ltr'>t,ia</span> <span class='ocrx_word' id='word_1_236' title='bbox 389 2350 528 2420; x_wconf 91' lang='lat' dir='ltr'>morbus,</span> <span class='ocrx_word' id='word_1_237' title='bbox 539 2349 680 2409; x_wconf 87' lang='lat' dir='ltr'>debilitas</span> <span class='ocrx_word' id='word_1_238' title='bbox 693 2357 724 2408; x_wconf 90' lang='lat' dir='ltr'>et</span> <span class='ocrx_word' id='word_1_239' title='bbox 733 2349 802 2420; x_wconf 86' lang='lat' dir='ltr'>alia</span> <span class='ocrx_word' id='word_1_240' title='bbox 816 2365 897 2424; x_wconf 88' lang='lat' dir='ltr'>quae</span> <span class='ocrx_word' id='word_1_241' title='bbox 907 2365 939 2408; x_wconf 88' lang='lat' dir='ltr'>in</span> <span class='ocrx_word' id='word_1_242' title='bbox 951 2351 1061 2411; x_wconf 91' lang='lat' dir='ltr'>eodem</span> <span class='ocrx_word' id='word_1_243' title='bbox 1071 2365 1196 2421; x_wconf 78' lang='lat' dir='ltr'>genere</span> 
     </span>
     <span class='ocr_line' id='line_1_27' title="bbox 148 2431 1197 2511; baseline 0.004 -21"><span class='ocrx_word' id='word_1_244' title='bbox 148 2432 353 2507; x_wconf 88' lang='lat' dir='ltr'>reperiuntur</span> <span class='ocrx_word' id='word_1_245' title='bbox 383 2432 524 2493; x_wconf 87' lang='lat' dir='ltr'>Studium</span> <span class='ocrx_word' id='word_1_246' title='bbox 540 2440 589 2491; x_wconf 87' lang='lat' dir='ltr'>est</span> <span class='ocrx_word' id='word_1_247' title='bbox 603 2440 706 2491; x_wconf 86' lang='lat' dir='ltr'>autem</span> <span class='ocrx_word' id='word_1_248' title='bbox 720 2431 813 2492; x_wconf 87' lang='lat' dir='ltr'>animi</span> <span class='ocrx_word' id='word_1_249' title='bbox 827 2432 958 2493; x_wconf 87' lang='lat' dir='ltr'>adsidue</span> <span class='ocrx_word' id='word_1_250' title='bbox 972 2441 1002 2491; x_wconf 88' lang='lat' dir='ltr'>et</span> <span class='ocrx_word' id='word_1_251' title='bbox 1017 2431 1197 2511; x_wconf 80' lang='lat' dir='ltr'>vehemens</span> 
     </span>
     <span class='ocr_line' id='line_1_28' title="bbox 148 2504 1194 2590; baseline 0.006 -19"><span class='ocrx_word' id='word_1_252' title='bbox 148 2517 188 2572; x_wconf 87' lang='lat' dir='ltr'>ad</span> <span class='ocrx_word' id='word_1_253' title='bbox 204 2513 338 2587; x_wconf 88' lang='lat' dir='ltr'>aliquam</span> <span class='ocrx_word' id='word_1_254' title='bbox 354 2528 420 2573; x_wconf 92' lang='lat' dir='ltr'>rem</span> <span class='ocrx_word' id='word_1_255' title='bbox 441 2513 598 2588; x_wconf 87' lang='lat' dir='ltr'>applicata</span> <span class='ocrx_word' id='word_1_256' title='bbox 610 2530 723 2589; x_wconf 78' lang='lat' dir='ltr'>magna</span> <span class='ocrx_word' id='word_1_257' title='bbox 743 2531 813 2576; x_wconf 91' lang='lat' dir='ltr'>cum</span> <span class='ocrx_word' id='word_1_258' title='bbox 828 2518 987 2577; x_wconf 84' lang='lat' dir='ltr'>voluntate</span> <span class='ocrx_word' id='word_1_259' title='bbox 1010 2504 1194 2590; x_wconf 84' lang='lat' dir='ltr'>occupatio,</span> 
     </span>
     <span class='ocr_line' id='line_1_29' title="bbox 147 2594 1197 2673; baseline 0.003 -17"><span class='ocrx_word' id='word_1_260' title='bbox 147 2604 181 2656; x_wconf 91' lang='lat' dir='ltr'>ut</span> <span class='ocrx_word' id='word_1_261' title='bbox 195 2594 422 2671; x_wconf 88' lang='lat' dir='ltr'>philosophiae,</span> <span class='ocrx_word' id='word_1_262' title='bbox 438 2595 589 2671; x_wconf 82' lang='lat' dir='ltr'>poeticae,</span> <span class='ocrx_word' id='word_1_263' title='bbox 605 2597 804 2673; x_wconf 81' lang='lat' dir='ltr'>geometriae,</span> <span class='ocrx_word' id='word_1_264' title='bbox 819 2598 997 2661; x_wconf 81' lang='lat' dir='ltr'>litterarum</span> <span class='ocrx_word' id='word_1_265' title='bbox 1019 2596 1197 2659; x_wconf 86' lang='lat' dir='ltr'>Consilium</span> 
     </span>
     <span class='ocr_line' id='line_1_30' title="bbox 148 2676 1203 2758; baseline 0.003 -19"><span class='ocrx_word' id='word_1_266' title='bbox 148 2687 197 2740; x_wconf 92' lang='lat' dir='ltr'>cst</span> <span class='ocrx_word' id='word_1_267' title='bbox 211 2676 327 2755; x_wconf 87' lang='lat' dir='ltr'>aliquid</span> <span class='ocrx_word' id='word_1_268' title='bbox 346 2679 481 2740; x_wconf 83' lang='lat' dir='ltr'>faciendi</span> <span class='ocrx_word' id='word_1_269' title='bbox 497 2695 561 2741; x_wconf 90' lang='lat' dir='ltr'>non</span> <span class='ocrx_word' id='word_1_270' title='bbox 575 2682 752 2743; x_wconf 84' lang='lat' dir='ltr'>faciendive</span> <span class='ocrx_word' id='word_1_271' title='bbox 773 2683 949 2758; x_wconf 83' lang='lat' dir='ltr'>excogitata</span> <span class='ocrx_word' id='word_1_272' title='bbox 969 2681 1058 2741; x_wconf 85' lang='lat' dir='ltr'>ratio.</span> <span class='ocrx_word' id='word_1_273' title='bbox 1094 2681 1203 2749; x_wconf 74' lang='lat' dir='ltr'>Facta,</span> 
     </span>
     <span class='ocr_line' id='line_1_31' title="bbox 147 2764 1194 2842; baseline 0.001 -18"><span class='ocrx_word' id='word_1_274' title='bbox 147 2772 250 2824; x_wconf 90' lang='lat' dir='ltr'>autem</span> <span class='ocrx_word' id='word_1_275' title='bbox 266 2771 297 2825; x_wconf 90' lang='lat' dir='ltr'>et</span> <span class='ocrx_word' id='word_1_276' title='bbox 312 2780 405 2825; x_wconf 90' lang='lat' dir='ltr'>casus</span> <span class='ocrx_word' id='word_1_277' title='bbox 421 2772 452 2825; x_wconf 92' lang='lat' dir='ltr'>et</span> <span class='ocrx_word' id='word_1_278' title='bbox 467 2764 624 2827; x_wconf 86' lang='lat' dir='ltr'>orationes</span> <span class='ocrx_word' id='word_1_279' title='bbox 635 2766 734 2827; x_wconf 86' lang='lat' dir='ltr'>tribus</span> <span class='ocrx_word' id='word_1_280' title='bbox 751 2782 790 2827; x_wconf 86' lang='lat' dir='ltr'>ex</span> <span class='ocrx_word' id='word_1_281' title='bbox 803 2765 996 2842; x_wconf 84' lang='lat' dir='ltr'>temporibus</span> <span class='ocrx_word' id='word_1_282' title='bbox 1011 2764 1194 2827; x_wconf 89' lang='lat' dir='ltr'>considera·</span> 
     </span>
     <span class='ocr_line' id='line_1_32' title="bbox 147 2846 1194 2925; baseline -0.002 -15"><span class='ocrx_word' id='word_1_283' title='bbox 147 2852 276 2910; x_wconf 89' lang='lat' dir='ltr'>buntur:</span> <span class='ocrx_word' id='word_1_284' title='bbox 301 2847 376 2924; x_wconf 89' lang='lat' dir='ltr'>quid</span> <span class='ocrx_word' id='word_1_285' title='bbox 390 2848 500 2911; x_wconf 83' lang='lat' dir='ltr'>iecerit</span> <span class='ocrx_word' id='word_1_286' title='bbox 513 2858 567 2910; x_wconf 86' lang='lat' dir='ltr'>aut</span> <span class='ocrx_word' id='word_1_287' title='bbox 583 2849 657 2925; x_wconf 88' lang='lat' dir='ltr'>quid</span> <span class='ocrx_word' id='word_1_288' title='bbox 671 2848 733 2925; x_wconf 89' lang='lat' dir='ltr'>ipsi</span> <span class='ocrx_word' id='word_1_289' title='bbox 746 2848 894 2910; x_wconf 85' lang='lat' dir='ltr'>acciderit</span> <span class='ocrx_word' id='word_1_290' title='bbox 908 2856 962 2911; x_wconf 88' lang='lat' dir='ltr'>aut</span> <span class='ocrx_word' id='word_1_291' title='bbox 974 2847 1051 2923; x_wconf 89' lang='lat' dir='ltr'>quid</span> <span class='ocrx_word' id='word_1_292' title='bbox 1067 2846 1194 2920; x_wconf 83' lang='lat' dir='ltr'>dixerit,</span> 
     </span>
     <span class='ocr_line' id='line_1_33' title="bbox 149 2928 1194 3011; baseline -0.001 -19"><span class='ocrx_word' id='word_1_293' title='bbox 149 2942 179 2993; x_wconf 89' lang='lat' dir='ltr'>et</span> <span class='ocrx_word' id='word_1_294' title='bbox 195 2933 269 3011; x_wconf 87' lang='lat' dir='ltr'>quid</span> <span class='ocrx_word' id='word_1_295' title='bbox 282 2931 389 3006; x_wconf 85' lang='lat' dir='ltr'>faciat,</span> <span class='ocrx_word' id='word_1_296' title='bbox 411 2934 486 3008; x_wconf 89' lang='lat' dir='ltr'>quid</span> <span class='ocrx_word' id='word_1_297' title='bbox 498 2933 559 3009; x_wconf 89' lang='lat' dir='ltr'>ipsi</span> <span class='ocrx_word' id='word_1_298' title='bbox 574 2934 709 3005; x_wconf 85' lang='lat' dir='ltr'>accidet,</span> <span class='ocrx_word' id='word_1_299' title='bbox 726 2935 800 3009; x_wconf 90' lang='lat' dir='ltr'>quid</span> <span class='ocrx_word' id='word_1_300' title='bbox 815 2932 911 3005; x_wconf 89' lang='lat' dir='ltr'>dicat,</span> <span class='ocrx_word' id='word_1_301' title='bbox 932 2939 986 2993; x_wconf 88' lang='lat' dir='ltr'>aut</span> <span class='ocrx_word' id='word_1_302' title='bbox 1002 2928 1076 3005; x_wconf 90' lang='lat' dir='ltr'>quid</span> <span class='ocrx_word' id='word_1_303' title='bbox 1092 2932 1194 2991; x_wconf 84' lang='lat' dir='ltr'>lectu·</span> 
     </span>
     <span class='ocr_line' id='line_1_34' title="bbox 147 3014 1195 3093; baseline 0.001 -21"><span class='ocrx_word' id='word_1_304' title='bbox 147 3034 201 3074; x_wconf 86' lang='lat' dir='ltr'>rus</span> <span class='ocrx_word' id='word_1_305' title='bbox 218 3018 270 3088; x_wconf 89' lang='lat' dir='ltr'>sit,</span> <span class='ocrx_word' id='word_1_306' title='bbox 294 3016 368 3093; x_wconf 90' lang='lat' dir='ltr'>quid</span> <span class='ocrx_word' id='word_1_307' title='bbox 383 3016 443 3092; x_wconf 90' lang='lat' dir='ltr'>ipsi</span> <span class='ocrx_word' id='word_1_308' title='bbox 457 3034 601 3078; x_wconf 85' lang='lat' dir='ltr'>casurum</span> <span class='ocrx_word' id='word_1_309' title='bbox 616 3018 671 3088; x_wconf 73' lang='lat' dir='ltr'>sit,</span> <span class='ocrx_word' id='word_1_310' title='bbox 692 3034 754 3093; x_wconf 89' lang='lat' dir='ltr'>qna</span> <span class='ocrx_word' id='word_1_311' title='bbox 768 3016 809 3076; x_wconf 91' lang='lat' dir='ltr'>sit</span> <span class='ocrx_word' id='word_1_312' title='bbox 822 3034 936 3077; x_wconf 89' lang='lat' dir='ltr'>usurus</span> <span class='ocrx_word' id='word_1_313' title='bbox 952 3014 1105 3076; x_wconf 85' lang='lat' dir='ltr'>oratione.</span> <span class='ocrx_word' id='word_1_314' title='bbox 1142 3015 1195 3073; x_wconf 82' lang='lat' dir='ltr'>Ac</span> 
     </span>
     <span class='ocr_line' id='line_1_35' title="bbox 147 3099 1269 3187; baseline 0.006 -33"><span class='ocrx_word' id='word_1_315' title='bbox 147 3099 292 3168; x_wconf 91' lang='lat' dir='ltr'>personis</span> <span class='ocrx_word' id='word_1_316' title='bbox 309 3100 433 3174; x_wconf 90' lang='lat' dir='ltr'>quidem</span> <span class='ocrx_word' id='word_1_317' title='bbox 448 3101 525 3160; x_wconf 90' lang='lat' dir='ltr'>haee</span> <span class='ocrx_word' id='word_1_318' title='bbox 540 3101 686 3161; x_wconf 87' lang='lat' dir='ltr'>videntur</span> <span class='ocrx_word' id='word_1_319' title='bbox 700 3116 772 3160; x_wconf 89' lang='lat' dir='ltr'>esse</span> <span class='ocrx_word' id='word_1_320' title='bbox 784 3099 941 3163; x_wconf 82' lang='lat' dir='ltr'>attributa</span> <span class='ocrx_word' id='word_1_321' title='bbox 1267 3152 1269 3187; x_wconf 64' lang='lat'>,</span> 
     </span>
     <span class='ocr_line' id='line_1_36' title="bbox 232 3179 1192 3259; baseline 0 -20"><span class='ocrx_word' id='word_1_322' title='bbox 232 3182 340 3240; x_wconf 82' lang='lat' dir='ltr'>XXVI.</span> <span class='ocrx_word' id='word_1_323' title='bbox 363 3184 413 3243; x_wconf 85' lang='lat'>37.</span> <span class='ocrx_word' id='word_1_324' title='bbox 434 3182 571 3258; x_wconf 79' lang='lat' dir='ltr'>Negotiis</span> <span class='ocrx_word' id='word_1_325' title='bbox 586 3192 690 3245; x_wconf 88' lang='lat' dir='ltr'>eutem</span> <span class='ocrx_word' id='word_1_326' title='bbox 708 3200 789 3259; x_wconf 89' lang='lat' dir='ltr'>quae</span> <span class='ocrx_word' id='word_1_327' title='bbox 804 3192 877 3245; x_wconf 88' lang='lat' dir='ltr'>sunt</span> <span class='ocrx_word' id='word_1_328' title='bbox 896 3192 941 3245; x_wconf 85' lang='lat' dir='ltr'>att</span> <span class='ocrx_word' id='word_1_329' title='bbox 928 3183 1055 3255; x_wconf 87' lang='lat' dir='ltr'>tributa,</span> <span class='ocrx_word' id='word_1_330' title='bbox 1076 3179 1192 3257; x_wconf 87' lang='lat' dir='ltr'>partim</span> 
     </span>
     <span class='ocr_line' id='line_1_37' title="bbox 149 3263 1193 3364; baseline 0.01 -50"><span class='ocrx_word' id='word_1_331' title='bbox 149 3265 221 3316; x_wconf 91' lang='lat' dir='ltr'>sunt</span> <span class='ocrx_word' id='word_1_332' title='bbox 236 3263 423 3324; x_wconf 86' lang='lat' dir='ltr'>continentia</span> <span class='ocrx_word' id='word_1_333' title='bbox 437 3267 590 3342; x_wconf 86' lang='lat' dir='ltr'>cumipse</span> <span class='ocrx_word' id='word_1_334' title='bbox 608 3266 750 3342; x_wconf 81' lang='lat' dir='ltr'>negotio,</span> <span class='ocrx_word' id='word_1_335' title='bbox 764 3268 899 3364; x_wconf 83' lang='lat' dir='ltr'>partim</span> <span class='ocrx_word' id='word_1_336' title='bbox 890 3285 921 3327; x_wconf 90' lang='lat' dir='ltr'>ru</span> <span class='ocrx_word' id='word_1_337' title='bbox 938 3267 1080 3344; x_wconf 80' lang='lat' dir='ltr'>gestione</span> <span class='ocrx_word' id='word_1_338' title='bbox 1093 3279 1193 3337; x_wconf 80' lang='lat' dir='ltr'>nego·</span> 
     </span>
     <span class='ocr_line' id='line_1_38' title="bbox 148 3339 1269 3426; baseline 0.007 -30"><span class='ocrx_word' id='word_1_339' title='bbox 148 3339 183 3396; x_wconf 90' lang='lat' dir='ltr'>tii</span> <span class='ocrx_word' id='word_1_340' title='bbox 203 3341 452 3418; x_wconf 85' lang='lat' dir='ltr'>considerantur,</span> <span class='ocrx_word' id='word_1_341' title='bbox 473 3350 582 3421; x_wconf 87' lang='lat' dir='ltr'>partim</span> <span class='ocrx_word' id='word_1_342' title='bbox 597 3350 742 3410; x_wconf 88' lang='lat' dir='ltr'>adiuncta</span> <span class='ocrx_word' id='word_1_343' title='bbox 760 3360 855 3426; x_wconf 83' lang='lat' dir='ltr'>negot</span> <span class='ocrx_word' id='word_1_344' title='bbox 856 3351 886 3412; x_wconf 91' lang='lat' dir='ltr'>io</span> <span class='ocrx_word' id='word_1_345' title='bbox 902 3358 989 3421; x_wconf 91' lang='lat' dir='ltr'>sunt,</span> <span class='ocrx_word' id='word_1_346' title='bbox 1010 3347 1123 3423; x_wconf 84' lang='lat' dir='ltr'>panim</span> <span class='ocrx_word' id='word_1_347' title='bbox 1138 3362 1192 3421; x_wconf 77' lang='lat' dir='ltr'>ge·</span> <span class='ocrx_word' id='word_1_348' title='bbox 1268 3348 1269 3359; x_wconf 61' lang='lat'>¹</span> 
     </span>
     <span class='ocr_line' id='line_1_39' title="bbox 149 3422 1190 3545; baseline 0.014 -72"><span class='ocrx_word' id='word_1_349' title='bbox 149 3426 231 3475; x_wconf 90' lang='lat' dir='ltr'>stum</span> <span class='ocrx_word' id='word_1_350' title='bbox 246 3422 401 3491; x_wconf 77' lang='lat' dir='ltr'>negotium</span> <span class='ocrx_word' id='word_1_351' title='bbox 415 3440 658 3503; x_wconf 88' lang='lat' dir='ltr'>consequuntur.</span> <span class='ocrx_word' id='word_1_352' title='bbox 684 3433 877 3492; x_wconf 86' lang='lat' dir='ltr'>Continentia</span> <span class='ocrx_word' id='word_1_353' title='bbox 890 3450 959 3492; x_wconf 91' lang='lat' dir='ltr'>cum</span> <span class='ocrx_word' id='word_1_354' title='bbox 974 3432 1044 3506; x_wconf 88' lang='lat' dir='ltr'>ipso</span> <span class='ocrx_word' id='word_1_355' title='bbox 1061 3429 1190 3545; x_wconf 76' lang='lat' dir='ltr'>negotio</span> 
     </span>
    </p>
   </div>
   <div class='ocr_carea' id='block_1_2' title="bbox 0 0 1292 3892">
    <p class='ocr_par' dir='ltr' id='par_1_2' title="bbox 0 0 1292 3892">
     <span class='ocr_line' id='line_1_40' title="bbox 0 0 1292 3892; baseline 0 0"><span class='ocrx_word' id='word_1_356' title='bbox 0 0 1292 3892; x_wconf 95' lang='lat' dir='ltr'> </span> 
     </span>
    </p>
   </div>
  </div>
 </body>
</html>
