2575 3892
133 168 162 265 '3
413 198 529 256 ornan
544 199 566 256 1.
589 198 671 257 cnr.
687 206 773 263 aar.
795 173 821 265 a.
836 205 921 258 a-a
1120 193 1183 257 105
1270 233 1271 240 Ν

144 350 223 412 vitas
235 348 391 411 hominum
402 348 587 406 labefactare
599 347 750 407 adsuevit.
771 348 821 405 ltl.
836 349 938 420 Atque
951 345 1042 407 huius
1055 361 1182 420 quoque

116 496 118 502 ,
144 434 305 496 exordium
325 430 412 502 mali,
440 430 584 505 quoniam
604 429 790 504 principium
811 429 884 488 boni
906 428 1054 503 diximus,
1082 429 1180 505 expli·
1270 466 1271 469 =

146 534 263 576 cemus.
1270 574 1271 577 ,

225 597 256 658 4.
276 596 352 658 Veri
368 596 552 657 simillimum
562 596 637 655 milri
649 595 771 656 videtur
784 596 918 670 quodam
929 602 1067 669 tempore
1078 613 1181 671 neque
1270 588 1271 593 ’

143 683 176 742 in
191 680 324 757 publicis
338 681 431 740 rebus
446 680 578 741 infantes
594 688 624 740 et
638 678 821 757 insipientes
836 678 977 739 homines
990 679 1098 738 solitos
1110 697 1181 739 esse
1270 722 1271 727 η

145 763 265 825 versari
279 780 337 824 nec
352 780 427 824 vem
443 765 483 823 ad
497 763 634 838 privatas
651 779 763 823 causas
778 778 908 837 magnos
923 778 960 821 ac
976 760 1110 822 disertos
1125 763 1180 822 hn-

96 850 98 853 ’
143 848 244 909 mines
258 848 424 920 accedere,
448 849 502 907 sed
521 865 615 923 quum
629 864 648 906 a
664 846 791 907 summis
805 846 880 929 uiris
895 845 1047 906 maximae
1062 861 1113 904 res
1129 846 1182 907 ad·
1270 852 1271 891 ἑ

144 932 406 1003 ministrarentur,
425 931 555 991 arbitror
570 931 649 991 alios
664 930 762 991 luisse
776 943 839 991 non
853 928 1015 989 incallidos
1031 927 1181 1001 homines,

146 1015 200 1095 qui
214 1016 254 1075 ad
268 1031 382 1090 parvas
398 1015 628 1075 controversias
643 1013 833 1090 privatorum
847 1013 1041 1073 accederent.
1065 1011 1181 1084 Quibus

144 1098 176 1158 in
192 1096 412 1159 controversiis
429 1116 522 1172 quum
539 1115 635 1172 saepe
651 1097 844 1157 emendacio
860 1104 974 1167 contra,
982 1112 1087 1156 verum
1100 1103 1182 1155 stare
1270 1100 1271 1165 ἴ

143 1181 286 1242 homines
308 1191 564 1253 consuescerent,
596 1181 719 1241 dicendi
734 1181 907 1243 adsiduitas
921 1179 996 1240 aluit
1011 1178 1180 1249 audaciam,

142 1275 177 1326 ut
190 1263 369 1325 necessario
385 1266 563 1340 superiores
578 1264 621 1325 illi
637 1273 765 1340 propter
776 1262 901 1324 iniurias
914 1262 1025 1322 civium
1036 1261 1181 1322 resistere

143 1348 314 1410 audacibus
335 1354 365 1408 et
387 1349 531 1424 opitulari
553 1347 619 1409 suis
635 1348 769 1424 quisque
783 1346 971 1408 necessariis
987 1352 1182 1421 cogerentur.
1270 1374 1271 1377 κ

142 1434 251 1505 ltaque
268 1450 362 1507 quum
376 1432 407 1492 in
422 1432 556 1492 dicendo
573 1449 669 1506 saepe
684 1448 756 1506 par,
779 1447 1007 1505 nonnumquam
1022 1429 1113 1489 etiam
1129 1447 1180 1489 su·
1270 1448 1271 1453 ¹

146 1514 249 1593 perior
264 1515 357 1574 visus
379 1515 527 1586 essetis,
552 1513 620 1587 qui,
645 1514 761 1575 omisso
778 1514 880 1574 studio
896 1511 1082 1587 sapientiae,
1105 1511 1181 1570 nibil

145 1596 205 1657 sibi
219 1604 342 1671 praeter
355 1597 562 1671 eloquentiam
575 1605 796 1671 comparasset,
812 1597 913 1668 fiebat,
929 1605 963 1656 ut
975 1604 1006 1655 et
1016 1593 1180 1655 multitudi-

143 1679 193 1739 nis
208 1687 239 1738 et
252 1696 310 1739 suo
325 1678 440 1739 iudicio
456 1680 577 1753 dignus,
601 1680 733 1753 quirem
747 1679 900 1753 publicam
915 1687 1044 1755 gereret,
1062 1676 1180 1736 videre·
1270 1740 1271 1755 ,

142 1773 202 1823 tur.
237 1762 315 1820 Hinc
337 1760 478 1822 nimirum
498 1761 719 1840 noniniunas
734 1775 830 1836 quum
848 1764 888 1821 ad
909 1761 1116 1835 gubernacula
1135 1760 1180 1820 roi
1270 1810 1271 1819 ,

142 1844 288 1923 publicae
303 1844 456 1905 temerarii
470 1854 564 1919 atque
578 1845 714 1905 audaces
729 1844 869 1905 homines
884 1853 1095 1918 accesserant,
1117 1860 1179 1902 ma·
1270 1860 1271 1863 ¹

80 1944 82 1947 ·
142 1929 227 1989 xima
247 1945 284 1988 ac
304 1927 476 1988 miserrima
490 1926 650 2002 naufragia
664 1928 787 1988 fiebant.
825 1927 941 2009 Quibus
955 1929 1049 1988 rebus
1065 1936 1180 1989 tantum
1270 1970 1271 2011 ,

143 2012 207 2072 odii
221 2020 315 2086 atque
329 2011 464 2087 invidiae
480 2011 619 2086 suscepit
633 2011 818 2089 eloquentia,
841 2021 873 2072 ut
887 2011 1027 2070 homines
1041 2009 1178 2086 ingenio·
1270 2020 1271 2085 ξ

65 2104 70 2111 “
143 2094 268 2169 sissimi,
285 2094 375 2169 quasi
389 2111 430 2154 ex
443 2096 547 2170 aliqua
561 2095 682 2157 turbida
696 2103 878 2170 tempestate
889 2095 919 2155 in
932 2104 1063 2170 portum,
1080 2094 1125 2155 sic
1139 2112 1179 2154 ex

144 2177 293 2239 seditiosa
308 2195 344 2238 ac
359 2180 547 2239 tumultuosa
561 2179 624 2238 vita
639 2194 674 2238 se
688 2178 720 2237 in
735 2178 869 2239 studium
883 2176 1009 2254 aliquod
1023 2180 1180 2238 traderent
1270 2220 1271 2225 η

145 2260 291 2335 quietum.
324 2262 424 2335 Quare
444 2261 517 2320 mihi
535 2262 681 2327 ,videntur
700 2271 812 2336 postea
833 2271 954 2322 caetera
975 2262 1075 2323 studia
1094 2270 1179 2320 recta
1270 2292 1271 2297 κ

142 2353 236 2419 atque
255 2345 387 2406 honesta
401 2361 458 2419 per
479 2343 574 2406 otium
590 2341 804 2405 concelebrata
818 2346 857 2405 ab
873 2345 997 2420 optimis
1012 2344 1177 2414 enituisse;

140 2426 201 2509 hoc
232 2444 307 2488 vero
339 2445 358 2487 a
383 2428 543 2504 plerisque
571 2445 678 2488 eorum
705 2429 858 2489 desertum
889 2426 1083 2489 obsolevisse
1103 2436 1177 2487 tem·
1270 2480 1271 2483 ,

141 2527 234 2585 pore,
261 2529 322 2589 qun
338 2513 432 2572 multo
447 2512 660 2572 vehementius
676 2520 741 2573 erat
754 2512 946 2572 retinendum
961 2521 991 2572 et
1007 2509 1177 2572 studiosius
1270 2522 1271 2585 j

141 2595 367 2668 adaugendum.
403 2595 433 2657 5.
454 2597 530 2655 Nam
552 2613 613 2671 quo
634 2595 790 2671 indignius
804 2612 869 2656 rem
884 2593 1132 2656 honestissimam
1147 2604 1178 2654 et

140 2676 344 2737 rectissimam
364 2677 500 2739 violabat
520 2682 680 2739 stultorum
701 2688 732 2738 et
751 2679 961 2754 improborum
977 2677 1131 2738 temeritas
1147 2688 1177 2738 et

141 2757 272 2818 audacia
293 2777 411 2820 summo
428 2777 497 2820 cum
511 2760 556 2820 rei
571 2761 712 2834 publicae
728 2760 924 2832 detrimento,
951 2764 988 2821 e‘o
1005 2761 1176 2820 studiosius

142 2848 173 2899 et
182 2838 242 2898 illis
254 2841 611 2902 resistendumluitctrei
618 2842 760 2917 publicae
769 2845 1000 2903 consulendum.
1022 2845 1075 2901 lv.
1088 2842 1206 2922 Quod,
1270 2870 1271 2887 r

140 2931 279 2984 nostrum
293 2922 377 2984 illum
392 2941 453 2985 non
469 2924 546 2998 lugit
560 2926 705 2984 Catonem
725 2941 828 2999 neque
841 2925 977 2985 Laelium
997 2943 1099 3000 neque
1122 2943 1175 2988 eo·
1270 2940 1271 2947 ’

139 3023 221 3078 rum,
244 3015 277 3068 ut
291 3023 365 3067 vere
379 3007 488 3080 dicam,
510 3006 696 3082 discipulum
710 3007 887 3068 Africanum
902 3025 1003 3085 neque
1018 3009 1175 3073 Gracchos
1270 3060 1271 3063 ,

139 3089 276 3174 Africani
291 3099 439 3167 nepotes:
457 3090 568 3167 quibus
584 3091 614 3150 in
629 3089 804 3153 hominibus
819 3102 884 3152 erat
899 3111 1018 3154 summa
1031 3095 1128 3155 virtus
1144 3105 1176 3157 et
1270 3086 1271 3095 ’

140 3191 259 3237 summa
279 3174 391 3236 virtute
405 3175 761 3250 amplificataauctoritas
774 3185 813 3251 et,
827 3196 906 3254 quae
921 3187 951 3240 et
963 3180 1109 3242 hisrebus
1125 3197 1173 3240 or-

138 3267 282 3320 namento
297 3268 328 3320 et
340 3258 386 3320 rei
400 3259 543 3333 publicae
558 3257 716 3335 praesidio
731 3271 830 3342 esset,
853 3262 1037 3337 eloquentia.
1074 3262 1174 3334 Quare

137 3357 207 3400 meo
223 3341 347 3417 quidem
362 3342 463 3402 animo
478 3343 573 3403 nihilo
588 3342 690 3404 minus
706 3344 900 3423 eloquentiae
916 3345 1099 3405 studendum
1116 3347 1171 3408 est,
1270 3376 1271 3381 ¹

138 3423 197 3482 etsi
217 3441 255 3484 ea
276 3423 400 3500 quidam
422 3435 452 3486 et
471 3426 614 3502 privatim
635 3435 667 3487 et
686 3426 1172 3505 publice[perversejabutunturs
1270 3462 1271 3465 =
