2575 3892
131 136 172 197 48
476 133 528 190 AD
552 131 582 189 C.
606 130 834 190 HERENNIUM

132 288 284 350 divisione
305 284 437 343 reddunt
457 290 487 341 et
508 280 640 341 auditori
662 280 795 356 spatium
810 280 965 355 cogitandi
980 280 1173 358 relinquunt.

132 374 300 433 Conservat
318 383 428 428 vocem
448 363 584 424 continui
605 363 748 425 clamoris
769 363 926 426 remissio:
952 373 983 425 et
997 366 1174 429 auditorem

132 455 256 530 quidem
277 450 409 511 varietas
429 447 559 509 maximo
581 448 727 522 delectat,
755 465 849 523 quum
870 464 1013 511 sermone
1033 450 1172 512 animum
1238 444 1243 455 ’

131 539 197 598 eius
211 533 322 596 retinet
335 540 387 593 aut
401 531 570 593 exsuscitat
585 532 727 594 clamore.
750 534 850 592 Acuta
864 532 1044 594 exclamatio
1057 551 1173 596 vocem

131 623 172 699 [et
194 618 310 696 fauces]
332 617 486 686 vulnerat;
515 616 623 674 eadem
646 613 743 697 laedit*
758 602 945 686 auditorem
972 606 1067 678 habet
1086 619 1171 678 enim

131 702 277 779 quiddam
297 700 445 760 illiberale
466 705 497 758 et
516 698 557 757 ad
577 697 756 763 murtenam
766 698 882 774 ‘potius
902 699 1170 776 vociferationem,

131 805 223 862 quam
243 788 283 845 ad
303 783 420 843 virilem
440 781 616 857 dignitatern
629 780 662 840 in
676 782 808 843 dicendo
823 785 1097 845 accommodatum.
1132 787 1168 845 In

130 881 266 930 extrema
286 866 424 944 oratione
445 865 606 926 continens
625 882 689 926 vox
714 866 851 926 remedio
876 875 925 927 est
947 868 1029 928 voci.
1062 869 1170 941 uuida

129 955 205 1014 haec
227 953 335 1013 eadem
354 965 458 1012 nonne
478 948 611 1009 animum
634 948 903 1010 vehementissime
924 949 1065 1012 calefacit
1079 952 1167 1012 audi-

128 1037 204 1097 toris
215 1037 245 1095 in
258 1035 351 1096 totius
363 1032 563 1095 conclusione
572 1040 707 1093 causaet
721 1032 869 1107 Quoniam
877 1050 929 1094 res
936 1034 1028 1111 igitur
1038 1037 1169 1096 eaedem

130 1118 216 1179 nocis
237 1117 413 1176 firmitudini
434 1124 464 1177 et
483 1118 742 1191 pronuntiationis
764 1116 952 1176 suavitudini
965 1127 1110 1192 prosunt,
1125 1121 1167 1178 de

128 1212 258 1276 utraque
279 1215 312 1258 re
333 1199 423 1259 simul
445 1199 502 1259 erit
521 1198 551 1259 in
569 1200 745 1273 praesentia
759 1200 889 1272 dictum,
916 1201 956 1260 de
970 1201 1166 1275 firmitudine,

130 1281 662 1360 quaedivisasuntdesuavitudine,
678 1298 758 1357 quae
769 1282 932 1343 coniuncta
943 1284 1079 1344 luerunt:
1096 1301 1166 1345 eae·

128 1378 193 1428 tera
208 1384 265 1427 suo
280 1368 350 1427 loco
366 1367 469 1439 paullo
484 1371 557 1440 post
571 1364 720 1425 dicemus.
742 1365 819 1436 xltt,
835 1364 885 1426 23.
899 1367 1059 1443 Mollitudo
1074 1367 1167 1442 igitur
1269 1448 1270 1453 ἵ

129 1451 231 1520 vociS,
257 1448 402 1525 quoniam
423 1447 522 1508 omnis
543 1450 584 1507 ad
604 1448 737 1510 rhetoris
758 1450 1009 1525 praeceptionem
1024 1450 1165 1527 pertinet,

128 1533 303 1609 diligentius
325 1532 416 1592 nobis
437 1531 665 1594 consideranda
684 1539 741 1593 est.
776 1533 850 1592 Eam
873 1532 1038 1596 dividimus
1053 1535 1084 1595 in
1100 1552 1163 1594 ser-

127 1634 258 1690 monem,
273 1616 508 1688 contentionem,
523 1616 801 1690 amplificationem.
825 1616 933 1699 Sermo
949 1626 996 1679 est
1007 1619 1103 1679 oratio
1115 1636 1164 1678 re·

128 1700 223 1763 missa
243 1710 274 1762 et
293 1700 421 1762 finitima
436 1699 632 1777 quotidianae
647 1699 809 1770 locutionia
834 1701 988 1777 contentio
1003 1710 1051 1763 est
1066 1702 1165 1764 oratio

127 1785 207 1844 acris
223 1793 253 1844 et
267 1787 307 1844 ad
322 1784 565 1844 confirmandum
580 1791 610 1843 et
624 1784 665 1843 ad
680 1784 901 1844 confutandum
914 1787 1164 1855 accommodata

127 1867 322 1941 amplificatio
338 1874 386 1926 est
401 1866 507 1935 oratio,
524 1882 603 1939 quae
618 1872 671 1924 aut
684 1865 714 1922 in
731 1866 919 1925 iracundiam
933 1866 1050 1926 inducit
1061 1870 1165 1929 autad
1260 1912 1266 1920 -

126 1947 368 2007 misericordiam
387 1946 478 2007 trahit
497 1946 645 2005 auditoris
667 1947 809 2006 animum.
847 1946 953 2006 Sermo
970 1948 1117 2009 dividitur
1132 1952 1165 2010 in

19 2021 34 2031 ⁵
126 2038 229 2106 partes
245 2038 402 2102 quattuor,
418 2026 609 2102 dignitatem,
624 2024 932 2101 demonstrationem,
948 2029 1165 2108 narrationem,

126 2110 320 2170 iocationem.
335 2109 473 2187 dignitas
484 2119 533 2174 est
545 2111 644 2174 oratio
658 2125 727 2169 cum
739 2108 843 2184 aliqua
857 2110 1009 2184 gravitate
1021 2117 1064 2184 [et
1075 2115 1165 2176 vocis

126 2192 337 2266 remissione];
351 2192 573 2263 demonstratio
586 2203 633 2256 est
646 2195 753 2266 oratio,
767 2209 848 2268 quac
859 2194 1165 2268 docet[remissavo-

127 2284 185 2350 ce]‚
193 2279 350 2351 quomodo
364 2274 439 2351 quid
449 2278 517 2340 fiiri
527 2280 664 2356 potueri
652 2285 727 2340 aut
738 2277 958 2353 nonpotuent
972 2280 1106 2362 narratio
1120 2288 1166 2341 est

125 2377 228 2420 rerum
243 2370 401 2436 gestarum
416 2370 470 2422 aut
488 2364 620 2437 proinde
634 2371 669 2424 ut
675 2369 752 2460 ,gest
753 2378 839 2422 arum
857 2362 1029 2437 expositi03
1051 2364 1164 2427 iocatio

126 2452 175 2504 est
190 2444 305 2514 oratio,
328 2460 408 2518 quae
430 2461 469 2504 ex
490 2447 642 2522 aliquare
658 2448 752 2507 risum
772 2445 940 2543 pudentem
957 2453 989 2506 et
1008 2447 1165 2507 liberalem

127 2533 233 2622 potest
248 2542 438 2601 comparare.
469 2530 631 2591 Contentio
649 2528 817 2590 dividitur
810 2547 840 2588 m
854 2528 1117 2593 continuationem
1132 2537 1166 2591 et

126 2610 155 2670 in
172 2609 427 2677 distributionem
454 2610 626 2675 Continuat
606 2625 649 2675 tro
666 2621 714 2675 est
729 2611 878 2674 orationis
893 2614 1099 2675 enuntiandae
1113 2629 1164 2672 ac-

128 2694 273 2755 celerrtio
278 2697 444 2791 clamosa3
466 2694 639 2759 ifistributio
657 2706 706 2759 est
727 2696 757 2757 in
775 2697 975 2758 contentione
992 2695 1089 2758 oratio
1105 2697 1166 2756 tre-

128 2797 228 2854 quens
245 2796 314 2840 cum
330 2778 408 2841 raris
429 2788 461 2840 ct
480 2774 627 2843 brevibus
641 2780 827 2865 intervalia,
848 2781 912 2844 acri
930 2779 1165 2843 vociferatione.

126 2863 178 2922 24.
185 2863 393 2940 Amplilicatio
402 2863 565 2926 dividitur
557 2883 587 2927 m
600 2852 846 2928 cohortationem
857 2861 1164 2939 etconquestionem.

127 2946 305 3005 cohortatio
316 2949 470 3009 estoratio
472 2946 1166 3045 ,quaealiquodpeccatumamplificansaudi-

127 3033 225 3085 torem
238 3028 278 3088 ad
291 3029 480 3091 iracundiam
492 3034 631 3106 adducit;
648 3032 831 3129 conquestio
846 3039 895 3092 est
906 3030 1013 3101 oratio,
1026 3044 1108 3102 quae
1118 3028 1166 3089 in-

127 3112 360 3171 commodorum
375 3115 613 3189 amplificatIone
628 3115 761 3177 animum
777 3114 925 3175 auditoris
940 3114 977 3175 ad
991 3112 1166 3193 misericor·

128 3189 207 3248 diam
222 3194 372 3264 perducit.
394 3198 543 3268 Quoniam
556 3200 648 3273 igitur
660 3198 819 3258 mollitudo
837 3198 923 3257 vocis
935 3198 965 3257 in
980 3205 1042 3258 tres
1055 3204 1165 3272 partes

127 3269 226 3330 ditisa
239 3281 287 3331 est
297 3283 326 3332 et
337 3274 396 3336 hae
412 3281 542 3352 partes
534 3298 623 3356 ipsae
638 3279 751 3342 suntin
765 3288 835 3340 octo
847 3287 954 3355 partes
969 3282 1046 3340 alias
1062 3278 1165 3340 distri

127 3355 182 3410 out
170 3359 229 3423 t,ac
242 3354 348 3413 harum
361 3367 432 3419 octo
447 3363 588 3435 partium,
601 3379 683 3438 quae
695 3362 846 3435 cuiusque
856 3362 968 3423 idonea
983 3361 1165 3438 pronuntia-
