2575 3892
207 617 226 635 ⁸
321 564 422 617 Bellum
437 566 517 615 uultur
533 563 628 615 sociale
647 577 694 612 seu
710 562 855 612 Marsicum.
889 562 1068 612 Deficientibus

253 632 256 640 ⁴
287 638 319 686 cb
340 641 459 700 negatam
481 634 608 685 civitatem
631 633 708 682 sociis
728 631 798 682 Italis
820 631 849 690 Q.
870 632 962 679 Varius
986 631 1069 694 legem

287 705 351 764 tulit,
372 711 400 753 ut
419 710 583 767 quaereretur
601 702 633 752 de
650 703 693 763 iis,
712 715 820 764 quorum
838 713 917 763 opera
932 697 1069 747 consiliove

287 774 350 825 socii
375 780 462 822 contra
482 771 607 837 papulum
628 770 703 820 Rom.
729 784 799 819 arma
820 768 1003 832 sumpsissent3
1025 765 1071 814 sed

288 849 391 892 senatus
415 842 540 901 decrevit,
564 854 610 904 ne,
636 841 698 889 dum
723 839 845 890 tumultus
869 836 971 886 Italicus
995 842 1070 894 esset,

288 911 383 961 iudicia
400 916 583 960 exercerentur.

324 977 410 1030 Cicera
427 979 500 1028 Arati
517 976 694 1043 phaenomena
709 976 807 1026 Latinis
824 975 940 1024 versibus
959 969 1068 1021 reddit.¹

120 1047 176 1103 665
218 1050 253 1109 89
289 1047 362 1099 Coss.
391 1046 437 1097 On.
456 1048 590 1109 Pompeius
609 1044 712 1104 Straba,
732 1044 766 1093 L.
785 1044 894 1093 Porcius
913 1041 985 1091 Cato.

323 1115 410 1166 Cicero
432 1117 459 1165 in
482 1115 549 1166 bella
571 1114 686 1164 'Marsico
706 1112 756 1162 tiro
780 1119 818 1162 est
840 1113 866 1161 in
890 1109 935 1161 Gn.
958 1109 1072 1173 Pompeii

290 1200 342 1235 cos.
361 1183 500 1235 exercitu.¹

322 1253 376 1304 Hoc
398 1267 463 1302 anuo
487 1252 545 1319 lege
565 1255 662 1313 Plutia,
686 1251 738 1304 lata
760 1265 775 1299 a
798 1251 832 1301 M.
849 1248 949 1300 Plautio
969 1246 1073 1297 Silvano

288 1323 351 1392 trib.¹
366 1322 414 1387 pl,
438 1322 533 1372 iudicia
557 1337 615 1372 cum
634 1320 795 1372 senatoribus
819 1326 844 1369 et
860 1316 989 1381 equitibus
1007 1330 1074 1364 ccm-

290 1392 418 1440 municata
436 1398 503 1439 sunt.
541 1393 611 1442 Idem
629 1391 688 1439 trib.
707 1389 744 1453 pl.
763 1388 847 1452 legem
864 1386 922 1437 tulit
938 1387 971 1436 de
991 1385 1018 1434 vi
1035 1399 1074 1434 ar-

290 1461 365 1508 metis
381 1459 542 1519 homiuibus,
565 1467 594 1510 ut
611 1459 644 1509 de
662 1460 719 1507 eius
737 1458 819 1521 capite
836 1462 1013 1518 quaereretur,
1030 1453 1076 1515 qui

284 1528 344 1575 rim
360 1527 473 1576 fecisset.

119 1596 178 1657 >666
221 1597 258 1651 88
292 1593 365 1644 Coss.
394 1595 429 1642 L.
449 1594 580 1644 Cornelius
599 1592 683 1652 Sulla,
701 1592 732 1653 Q.
752 1593 885 1653 Pompeias
901 1591 994 1654 Rufus.

326 1662 355 1710 Ρ.
375 1661 504 1721 Sulpicius
520 1661 580 1710 trib.
597 1661 634 1722 pl.
653 1669 755 1708 auctore
769 1659 848 1707 Mario
865 1660 1022 1725 perniciosas
1041 1657 1077 1703 le-

294 1740 340 1789 ges
364 1723 522 1788 promulgst3
545 1726 577 1784 Q.
600 1726 717 1786 Pompeii
739 1724 849 1772 consulis
872 1726 967 1780 filium,
991 1721 1078 1770 Sullae

295 1805 433 1856 generum,
445 1790 546 1840 occidit.
566 1790 638 1839 Sulla
648 1805 706 1838 cum
719 1792 830 1838 exercitu
842 1792 912 1839 veuit
930 1789 963 1838 ad
975 1786 1077 1838 Urbem.

294 1859 322 1909 P.
337 1857 465 1923 Sulpicius
479 1858 608 1911 occiditur.
633 1857 730 1908 Marius
745 1857 855 1922 primum
872 1858 1022 1916 Minturnas,
1035 1858 1079 1906 de·

294 1928 353 1977 iude
372 1928 399 1977 in
415 1925 528 1975 Africam
546 1927 641 1992 fugit.³
662 1925 741 1986 Sulla,
760 1927 836 1976 rebus
855 1928 881 1976 iu
897 1927 960 1976 urbe
975 1940 1078 1990 campc-

293 1998 358 2055 sitis‚
379 1995 412 2045 ed
431 1993 526 2046 bellum
543 1995 741 2046 Mithridaticum
756 1995 933 2059 proficiscitur.
956 1995 987 2055 Q.
1005 1995 1078 2044 Pom-

291 2066 368 2129 peius
388 2078 442 2113 cos.
461 2064 487 2113 in
508 2073 593 2114 castra
614 2066 737 2116 adversus
755 2063 852 2114 Marsos
877 2063 1007 2130 profectus
1031 2064 1076 2114 Cn.

292 2134 407 2197 Pompeii
424 2146 526 2197 procus.
540 2135 651 2194 hortatu,
669 2134 710 2182 cui
726 2134 861 2184 succedere
876 2135 903 2183 in
914 2135 1021 2199 imperia
1032 2135 1077 2184 de·

292 2203 377 2260 bebat,
396 2215 411 2250 a
429 2200 551 2252 militibus
571 2204 704 2253 occiditur.

328 2268 415 2319 Cicero
433 2269 529 2319 Romae
552 2286 655 2335 operam
673 2272 717 2320 dat
732 2270 847 2322 Phaedro
864 2272 1015 2336 Epicureo‚⁴
1033 2272 1077 2321 de·

292 2340 352 2389 inde
370 2337 478 2399 Philoni,
497 2339 652 2390 Academiae
669 2341 804 2404 principi.⁵

328 2409 370 2457 Ius
392 2404 468 2457 civile
490 2410 622 2473 cognoscit
646 2416 749 2459 auctore
766 2415 791 2459 et
810 2410 874 2459 duce
891 2405 1013 2457 Scaevola
1031 2422 1077 2455 au·

293 2491 370 2541 gure,
389 2484 558 2537 quemcrtuc
576 2491 605 2526 se
621 2477 719 2527 confert
735 2478 769 2528 ad
787 2478 819 2537 Q.
836 2477 948 2527 Mucium
966 2475 1077 2527 Scaeva·

293 2543 344 2593 lam
360 2543 534 2593 Ροιιῑίίἰοοιιι.ο

209 2611 259 2667 -87
295 2611 366 2662 Coss.
395 2613 441 2662 Gn.
462 2610 587 2676 Octauiae
609 2616 643 2665 L.
664 2616 795 2666 Cornelias
812 2615 902 2665 Cinna.

328 2680 408 2730 Cinna
426 2694 479 2733 cos.
497 2685 647 2746 pemicicsis
664 2685 764 2751 legibus
783 2685 899 2749 pervim
915 2681 974 2731 latis
992 2695 1008 2729 a
1027 2678 1078 2729 cul·

294 2749 353 2813 legs
370 2748 415 2803 Gn.
437 2749 540 2800 Octavio
558 2750 626 2803 Urbe
645 2753 791 2818 expellitur,
811 2752 886 2814 eique
903 2757 1007 2799 senatus
1023 2763 1078 2796 ma·

295 2817 428 2880 gistratum
452 2819 573 2884 abrogat,
603 2823 633 2872 L.
658 2820 801 2872 Cornelium
827 2820 950 2868 Merulam
972 2814 1076 2865 suffieit.

295 2882 339 2933 llle
361 2891 445 2935 autem
468 2886 570 2937 Italicas
593 2891 709 2940 civitates
732 2888 865 2944 sollicitat,
888 2885 957 2949 App.
980 2881 1079 2931 Claudii

295 2953 433 3003 exercitum
451 2955 477 3003 in
494 2962 648 3018 potestatem
671 2971 745 3007 suum
766 2955 873 3017 accipit,
896 2952 1003 3001 Marium
1022 2966 1077 2999 cum

247 3024 251 3029 ’
294 3020 399 3083 reliquis
419 3022 550 3073 exsulibus
567 3033 679 3074 revocat.
718 3024 772 3084 Quo
789 3021 857 3071 facto
876 3020 918 3071 hic
936 3020 970 3071 ad
986 3020 1078 3071 Urbem

295 3103 352 3138 cum
374 3092 486 3140 exercitu
503 3091 601 3141 accedit
619 3100 694 3154 atque
711 3101 813 3157 captam
829 3091 950 3141 caedibus
970 3097 994 3139 et
1011 3092 1079 3153 rapi·

323 3284 343 3336 l)
358 3282 415 3326 Eius
430 3284 597 3337 peremtum.
613 3282 666 3324 vide
681 3283 709 3325 de
722 3283 776 3329 Dlv.
788 3284 806 3326 Ι.
820 3283 856 3326 47.
870 3282 906 3323 De
921 3284 1016 3323 caeteris
1029 3280 1070 3322 Tul

295 3337 320 3379 lii
335 3340 407 3378 nostrl
422 3337 503 3379 studlls
518 3338 559 3380 alr.
575 3336 604 3378 ds
617 3335 658 3378 0r.
671 3336 689 3379 l.
702 3338 736 3380 34.
765 3338 788 3386 2)
803 3335 862 3378 Phil.
877 3335 974 3378 xn.11.
1003 3337 1025 3384 3)
1040 3344 1080 3387 pro

296 3389 375 3433 Plane.
392 3391 426 3434 lt).
441 3390 502 3434 ven.
518 3390 569 3433 Pal.
585 3390 613 3432 ll.
631 3389 664 3430 19.
698 3389 720 3439 4)
735 3388 764 3430 sd
777 3390 838 3432 Fam.
854 3387 916 3430 Xlll.
934 3387 954 3430 l.
983 3387 1005 3441 5)
1016 3387 1079 3429 Brut.

295 3442 331 3487 89.
373 3442 396 3496 6)
411 3442 475 3486 Lael.
492 3446 512 3487 1.
528 3443 591 3484 Brut.
606 3442 641 3484 su.
660 3442 689 3485 ω’.
705 3442 733 3483 ds
748 3443 778 3487 ll.
794 3443 868 3482 Mucia
884 3439 969 3483 deor.
985 3439 1003 3484 Ι.
1019 3439 1055 3480 ⁴5.
