2575 3892
131 213 165 261 ,q
467 196 660 249 eunonium
677 199 834 285 nunonis,

132 352 253 402 librorum
269 351 371 401 iudiciis
388 350 464 410 edidi,
484 352 512 400 iu
524 353 617 414 quibus
629 352 692 402 boec
704 371 763 419 qno,
781 354 843 403 baec
855 369 919 418 quoe
934 363 959 403 et
971 356 1063 406 similis
1081 359 1175 424 scripte

132 427 200 471 suut.
237 435 259 470 c.
275 418 301 470 5.
320 421 346 481 S.
364 415 391 471 8.
409 420 500 481 reliqui
513 420 636 471 librorum
653 426 766 472 omnium
789 424 952 486 scripturam:
973 440 1023 487 per
1045 427 1111 489 qnod
1133 442 1175 476 rec

132 490 280 552 conrpuitnr
296 496 354 551 etc,
374 503 439 550 quse
456 489 567 554 intelligi
579 496 647 539 recle
660 501 754 556 potest,
773 507 871 556 proco,
891 493 960 554 quod
972 493 1102 543 Ernestius
1117 511 1175 544 rens

133 558 272 610 substituit,
290 558 389 607 Deinde
404 559 496 623 scripsi
513 575 546 608 ex
563 561 716 623 optimorum
733 570 758 610 et
775 561 943 624 plurimorum
958 561 1077 612 librorum
1090 572 1174 612 aucto-

131 627 221 677 ritate:
239 628 263 676 si
280 627 341 692 qnid
357 629 475 678 eiusmodi
491 629 601 676 relictum
617 631 651 678 cit
667 638 713 679 atet
728 631 854 693 nesiipinm
869 633 909 678 rei
925 640 1058 692 repertum,
1076 647 1122 696 pro
1135 648 1174 690 eo,

16 733 40 755 ,s
132 696 203 758 quod
226 697 301 761 vulgo
326 695 472 762 legebatur:
496 698 607 749 relictum
625 706 721 748 ont-
740 706 866 760 repertum
885 698 975 760 fuerit.
1010 702 1092 762 fuerit
1109 701 1175 749 euim

132 778 179 829 per
196 779 224 814 se
243 769 329 815 minus
344 774 434 832 aptum
446 766 610 814 substitutum
625 775 679 826 est,
695 768 739 816 ubi
755 769 789 817 n‘t
800 775 859 830 pest
877 769 989 816 relictum
1007 769 1175 818 oblitteratum

132 842 197 882 erut.
227 833 361 886 Caeterum
377 837 405 884 iu
423 842 534 884 extreme
549 835 574 894 §.
589 839 735 896 peccatine
751 852 775 887 c.
793 835 953 885 scribendum
971 852 1037 884 nunc
1054 851 1087 884 ex
1104 837 1175 886 libris

133 902 219 955 credo.
252 922 273 957 c.
293 903 319 956 6.
338 906 363 965 S,
382 902 408 954 9.
428 904 520 968 scripsi
537 918 595 952 cum
609 904 696 955 libris:
715 907 822 967 Proprii
838 912 908 963 eunt,
930 905 1018 968 quibos
1036 907 1085 953 nisi
1102 921 1174 954 acen-

132 981 213 1038 eotor,
237 982 263 1023 et
282 975 314 1031 ii,
336 972 424 1038 quibus
446 974 496 1022 nisi
513 972 633 1035 defensor
650 989 719 1023 nemo
732 981 818 1036 potest
834 976 879 1025 nti.
915 972 967 1023 Sed
989 972 1097 1023 fortasse
1115 973 1175 1023 olim

133 1044 255 1106 scriptum
273 1042 334 1091 fuit:
354 1041 496 1104 Propriiii
509 1048 580 1100 sunt,
598 1043 686 1106 quibus
700 1045 750 1094 nisi
766 1051 907 1102 accurator,
926 1051 952 1092 et
966 1045 999 1103 it,
1019 1042 1106 1107 qnibm
1127 1051 1173 1094 etc.

132 1112 169 1160 Eo
189 1114 256 1161 enim
274 1110 330 1160 loeo
347 1112 366 1160 iz·
383 1111 458 1160 facile
470 1112 633 1174 praetermitti
652 1113 679 1160 iu
692 1112 856 1163 describendo
872 1113 964 1176 potuit.
983 1112 1078 1162 Eadem
1091 1114 1116 1172 S.
1130 1127 1174 1161 ex-

131 1179 213 1229 tremit
228 1196 261 1229 ex
277 1181 402 1232 bonorum
417 1179 539 1230 librorum
550 1177 629 1243 (cod.
643 1180 733 1231 Claud.
743 1181 857 1238 Paterni,
872 1179 980 1229 Medicei
990 1182 1088 1246 optimi,
1100 1181 1174 1229 Bam·

132 1249 445 1313 bergensiseutiquioris,
464 1249 648 1313 Frisingensis‚
664 1250 819 1300 Erfurtensis
837 1248 1007 1312 aliorumque)
1025 1251 1174 1298 auctoritate

133 1317 216 1366 edidi:
239 1318 314 1368 Haec
335 1324 361 1367 et
377 1318 414 1366 od
427 1317 628 1380 improbationem
645 1327 671 1368 et
687 1320 724 1368 od
744 1320 962 1382 interropotionem
983 1320 1080 1367 testium
1093 1319 1174 1380 perti·

132 1386 231 1445 nebunt,
249 1400 296 1450 pro
316 1401 356 1450 eo,
375 1387 445 1448 quod
460 1386 536 1451 volgo
554 1387 700 1452 legebatur:
720 1396 745 1438 et
762 1388 799 1438 od
816 1387 1016 1450 mprobattonen
1033 1395 1058 1436 et
1076 1389 1113 1436 od
1129 1402 1174 1449 op-

127 1453 308 1516 probationem,
319 1456 346 1505 iu
356 1456 448 1519 quibus
457 1456 540 1505 verbis
550 1456 613 1519 ipsis
624 1470 675 1506 nou
685 1458 843 1507 consentiunt
853 1458 946 1506 caeteri
954 1457 1021 1507 libri.
1034 1456 1081 1505 Est
1091 1464 1175 1505 autem

131 1525 277 1586 improbatio
299 1526 402 1573 testium
423 1526 541 1574 universa
559 1524 591 1574 de
609 1526 716 1575 testibus
739 1529 819 1576 oratio
838 1527 939 1576 elevans
961 1539 1049 1574 eorum
1066 1525 1175 1575 auotori-

131 1600 225 1653 tntem‚
248 1595 412 1658 interropotio
435 1601 520 1643 sutem
543 1594 680 1658 singularis
701 1596 843 1653 illusistis,
867 1609 918 1657 qun
933 1602 1011 1643 testes
1036 1595 1063 1641 iu
1079 1594 1173 1643 iudicio

131 1664 326 1728 interrogentur.
351 1679 372 1716 c.
391 1659 416 1713 9.
433 1664 458 1723 S.
480 1658 523 1713 13.
541 1664 675 1712 scierintne
693 1674 731 1713 est
748 1665 780 1714 de
794 1664 881 1713 Orellii
899 1664 1042 1713 coniectura
1057 1677 1104 1726 pro
1121 1662 1175 1711 vol-

132 1741 191 1795 gato
211 1735 348 1790 scirentne,
373 1742 427 1780 turn
447 1731 515 1796 qnod
534 1734 668 1794 scripserit
688 1747 734 1797 pro
753 1734 820 1798 qnod
840 1733 991 1796 perscripsit
1014 1747 1047 1780 ex
1071 1731 1175 1794 optimis

130 1800 203 1850 libris
220 1804 334 1864 positum
351 1810 398 1861 est,
416 1817 469 1850 cnm
487 1801 584 1850 ratione
603 1809 688 1850 eutem
707 1812 841 1867 propterea
857 1818 903 1866 pro
920 1808 992 1851 certo
1008 1816 1062 1850 cion
1077 1802 1175 1851 ratione

132 1871 254 1933 scriptum
272 1877 326 1934 est,
348 1871 418 1931 quod
440 1871 595 1918 ediectirum
611 1878 684 1918 certo
700 1874 727 1918 iu
743 1872 860 1933 plurimis
878 1870 950 1919 libris
968 1869 1063 1918 nullum
1081 1877 1175 1918 certem
1243 1886 1251 1899 ’

132 1938 219 1986 sedern
233 1936 319 1995 habet,
338 1939 363 1985 in
379 1936 532 1997 quibusdam
550 1936 624 1983 etism
642 1950 747 1999 prorsus
766 1939 889 1986 omissum
908 1945 955 1988 est.
981 1953 1005 1987 c.
1025 1937 1067 1986 ll.
1083 1939 1109 1998 ἕ.
1131 1937 1173 1989 16.

132 2021 165 2054 ex
188 2005 260 2054 libris
281 2006 354 2054 bonis
379 2013 403 2052 et
427 2005 512 2053 multis
536 2004 629 2068 scripsi
652 2020 723 2068 qinon
745 2005 826 2054 odiosi
842 2013 891 2054 tum
906 2005 1008 2054 obscuri
1024 2006 1174 2067 interpreter

130 2081 189 2123 eunt
205 2088 251 2137 pro
269 2074 371 2138 volgato
389 2079 438 2121 tnnc
455 2073 536 2122 odiosi
551 2079 608 2132 etc„
627 2073 658 2122 de
678 2089 728 2134 qno
746 2074 798 2123 iam
813 2075 957 2123 rectissime
976 2074 1097 2123 iudicavit
1115 2074 1174 2124 Liu-

131 2143 271 2192 demanuus
286 2143 320 2192 nd
334 2140 360 2192 h.
376 2141 394 2192 l.
419 2143 511 2192 Postea
527 2140 619 2203 reliqui
636 2143 786 2193 interdicere
802 2143 829 2190 iu
846 2144 918 2192 libris
937 2144 1066 2206 scriptum,
1085 2159 1173 2206 quam-

131 2225 208 2274 quem
220 2226 271 2260 non
283 2225 349 2276 nego
363 2209 425 2273 mihi
437 2210 584 2260 Ciceronem
595 2212 738 2261 interiicere
749 2213 882 2275 scripsisse
892 2212 983 2261 videri.
1003 2227 1026 2263 c.
1039 2211 1081 2262 12.
1093 2215 1118 2273 §-
1131 2210 1172 2264 17.

132 2295 183 2329 nou
207 2289 260 2329 erat
284 2280 397 2330 omnium
416 2279 539 2329 librorum
556 2281 681 2345 scripture
698 2283 725 2329 iu
742 2281 847 2330 dubium
865 2281 993 2343 vocanda,
1018 2281 1065 2330 sed
1087 2282 1173 2344 potins

132 2349 224 2398 rectius
244 2349 448 2414 interpungendi
469 2348 519 2400 hoc
542 2349 634 2399 modo:
658 2349 817 2400 Maiestatem
833 2351 968 2406 minuitis,
993 2352 1036 2413 qni
1052 2365 1084 2398 eo
1100 2351 1172 2404 tollit,

131 2434 166 2468 esc
183 2417 271 2482 quibus
288 2418 364 2468 rebus
380 2419 486 2468 civitate
503 2419 636 2480 onmlintde
654 2425 763 2475 constan·
780 2434 845 2482 petae
860 2427 917 2467 eunt
934 2433 974 2480 eo,
991 2434 1055 2482 quoe
1073 2420 1174 2479 copiunt

130 2488 257 2551 suffrooin
269 2488 359 2550 populi
375 2496 399 2536 et
416 2490 576 2551 magistratus
592 2489 725 2539 consilinm,
758 2488 849 2550 Nempe
866 2489 943 2551 ipitnr
964 2494 991 2534 to
1014 2494 1039 2535 et
1056 2489 1173 2548 poputum

129 2556 255 2620 soffropio
273 2564 300 2606 et
317 2558 487 2621 mnpistrotnm
504 2558 606 2607 consitio
621 2559 743 2617 privasti,
767 2572 839 2621 queem
853 2564 942 2619 pontes
959 2555 1121 2613 disturbanti,
1147 2558 1172 2603 iu

131 2626 223 2688 quibus
241 2625 326 2674 verbis
342 2628 373 2675 si
395 2627 501 2690 scriptor
521 2641 567 2689 pro
587 2641 651 2689 quoe
667 2634 725 2676 eunt
740 2642 785 2684 eo,
812 2641 877 2690 qnae
894 2632 942 2676 etc.
962 2625 1085 2673 dixisset:
1110 2624 1174 2672 boec
1264 2642 1266 2645 ·

130 2701 210 2744 autem
227 2702 285 2743 sont
301 2711 349 2754 ea,
367 2710 431 2759 prae
450 2702 505 2754 etc„
523 2695 631 2744 fortasse
648 2710 721 2744 nemo
740 2695 772 2744 de
791 2694 846 2744 loco
866 2695 1016 2744 dubitasset.
1052 2691 1105 2742 Sed
1121 2708 1174 2742 non
1259 2738 1260 2741 ,

130 2764 205 2814 debet
218 2762 345 2814 offendere
363 2765 499 2843 repetitum
513 2777 661 2827 pronomen,
680 2781 705 2815 v.
724 2761 871 2823 11,20,30.
891 2763 976 2811 Verba
993 2770 1088 2810 autem:
1108 2778 1173 2825 omre

129 2835 232 2897 copiunt
246 2833 373 2900 camapio
388 2835 476 2896 populi
492 2841 540 2885 etc.
558 2832 674 2883 faciliora
692 2842 777 2882 esseut
795 2833 828 2881 nd
845 2831 1052 2896 intelligendum,
1071 2831 1094 2878 si
1111 2831 1174 2878 scri-

128 2904 223 2965 psisset
247 2910 348 2953 auctor:
373 2917 437 2968 quoe
459 2909 584 2953 continent
603 2903 730 2965 suffragio
753 2909 801 2952 etc.
825 2916 980 2963 quemquem
1002 2901 1107 2949 verbum
1132 2913 1173 2945 ca-

129 2970 217 3034 picndi
234 2979 302 3019 recte
309 2980 460 3037 usurpatum
470 2980 517 3030 est,
534 2987 558 3021 v.
572 2971 613 3029 111,
628 2969 670 3031 19,
682 2969 725 3024 35.
753 2973 779 3032 §-
794 2967 836 3023 18.
850 2972 943 3033 scripsi
960 2983 993 3016 ex
1010 2967 1080 3014 libris
1091 2980 1173 3029 paene

130 3038 260 3089 omnibust
278 3039 353 3089 Hcec
369 3041 463 3103 lepibne
480 3050 504 3091 et
521 3039 642 3103 moribus,
663 3055 742 3104 aequo
761 3047 786 3090 et
803 3040 867 3089 bono
883 3037 1050 3098 reperientur,
1066 3047 1112 3096 Pr0
1133 3049 1173 3091 00,

129 3108 198 3168 quod
216 3105 360 3172 legebatur:
381 3109 483 3172 legibue,
502 3109 619 3168 moribus,
638 3124 718 3173 oeqno
735 3116 759 3157 et
777 3108 840 3157 borw
858 3114 905 3156 etc.
926 3105 989 3153 Nem
1008 3101 1173 3164 quemadmo-

130 3175 190 3224 dum
213 3191 316 3240 oeqnmn
339 3183 365 3226 et
385 3176 472 3227 bonnm
493 3180 625 3228 coniuncte
649 3178 753 3234 dicitur,
779 3176 814 3223 ite
838 3175 914 3223 etiem
931 3172 1011 3223 verbe
1032 3170 1128 3233 reprom
1149 3180 1174 3218 et

127 3244 235 3293 rioribus
253 3246 336 3309 aptius
354 3247 419 3295 inter
436 3263 464 3296 se
482 3246 601 3312 copulate
618 3253 686 3297 suut.
703 3246 736 3293 V.
755 3243 822 3292 inire
841 3244 884 3301 Ill,
903 3240 930 3299 3,
948 3240 975 3291 t.
993 3256 1015 3292 c.
1030 3238 1072 3290 14.
1089 3240 1113 3298 §.
1126 3237 1172 3289 22.

128 3315 252 3376 scriptum
269 3323 307 3362 est
325 3330 357 3364 ex
373 3315 445 3364 libris
460 3331 542 3380 paene
562 3316 694 3364 omuibus:
713 3328 785 3376 quum
797 3311 925 3361 statuendi
935 3323 983 3358 non
994 3309 1112 3358 babuerit
1125 3323 1172 3369 po-

127 3387 249 3432 testatem,
267 3396 290 3435 c.
309 3381 351 3434 15.
369 3392 455 3433 eutem
473 3386 505 3434 de
523 3383 642 3434 Gronovii
661 3384 817 3434 coniectura:
837 3382 926 3430 deinde
945 3377 1107 3439 spectandum
1125 3384 1171 3433 eet,

126 3464 238 3514 oeqrtene
253 3465 365 3515 mopnnm
382 3455 417 3502 eit
431 3453 498 3502 itinn
506 3459 643 3515 peccatum.
656 3451 734 3501 Nem
751 3464 830 3512 quum
849 3450 907 3500 libri
923 3448 1012 3514 optimi
1027 3454 1052 3496 et
1068 3445 1173 3511 plurimi

1270 874 1272 985 l

1270 1234 1272 1305 l

1270 1402 1272 1513 l
