2575 3892
342 182 467 269 'trare
481 211 534 268 m.
555 210 637 269 can.
652 219 739 274 e-o.
761 216 924 277 §.m-17.
1112 213 1154 278 45

113 365 229 428 exilum
243 377 373 432 causae,
389 361 420 419 in
436 360 506 434 ipsa
521 376 616 420 causa
631 361 756 419 crebras
772 369 802 420 et
815 363 926 421 breves
942 362 1155 438 amplificatio·

115 466 171 510 nes
185 448 417 522 interponemus
433 460 489 517 per
503 444 591 502 locos
606 458 795 501 communes.
817 445 879 504 Nee
894 445 952 504 hoc
967 463 1064 520 genus
1081 465 1155 509 cau-

112 550 184 605 sae,
212 548 251 591 eo
268 530 351 603 quod
366 541 436 585 raro
452 525 565 584 accidit
578 525 609 583 in
624 525 701 596 vita,
729 524 1153 600 negligentiuscommendan·

113 617 186 677 dum
202 621 259 673 est.
286 613 394 684 Neque
409 609 490 668 enim
504 607 536 666 id
552 609 635 681 quod
651 616 754 681 potest
767 609 918 680 accidere,
933 618 967 669 ut
981 612 1153 674 laciendum

114 698 156 757 sit
172 695 360 768 aliquando,
389 709 452 751 non
473 699 601 764 oportet
614 692 695 750 velle
718 707 809 765 quam
835 694 1154 763 accommodatissime

113 795 212 855 posse
227 778 337 836 lacere.
372 777 423 844 Et,
447 774 474 832 si
489 773 653 848 separatim
668 773 746 835 haec
761 790 856 835 causa
870 773 970 834 minus
986 791 1081 850 saepe
1096 787 1155 836 tra-

114 870 229 932 ctatur,
246 868 277 920 at
291 860 322 919 in
338 857 534 919 iudicialibus
549 863 579 915 et
593 856 627 915 in
640 857 848 917 deliberativis
864 856 967 929 causis
982 874 1077 932 saepe
1091 876 1153 919 ma·

112 961 193 1019 gnae
214 952 318 1018 partes
338 937 501 1002 versantur
523 939 622 1000 laudis
643 947 697 1000 aut
715 940 960 1016 vituperationis.
1003 941 1102 1013 Quare
1123 943 1155 1002 in

112 1030 175 1093 lroc
190 1044 315 1102 quoque
330 1042 443 1086 causae
455 1039 569 1098 genere
580 1023 719 1084 nonnihil
729 1024 898 1086 industriae
911 1028 1155 1086 consumendum

113 1118 267 1185 putemus.
287 1111 384 1179 Nunc,
399 1107 672 1168 absolutaanobis
684 1106 864 1168 difficillima
873 1116 961 1182 parte
972 1109 1152 1182 rhetoricae,

112 1196 174 1254 hoc
196 1201 244 1254 est
263 1191 441 1255 inventione
462 1189 615 1265 perpolita
634 1198 727 1265 atque
747 1192 787 1250 ad
809 1208 900 1252 omne
921 1208 1034 1252 causae
1055 1208 1154 1266 genus

112 1279 355 1345 accommodata,
370 1283 491 1350 tempus
507 1275 608 1333 estad
624 1282 761 1335 caeteras
777 1283 881 1350 partes
895 1275 1061 1351 prolicisci.
1094 1278 1154 1336 De-

112 1360 221 1435 inceps
236 1360 326 1435 igitur
340 1362 379 1418 de
394 1357 598 1433 dispositione
613 1357 760 1417 dicemus.
1078 1382 1083 1385 ·

196 1443 245 1503 IX.
269 1443 318 1504 16.
341 1442 491 1514 Quoniam
507 1440 670 1514 dispositio
686 1449 744 1515 est,
758 1459 814 1516 per
830 1458 922 1517 quam
936 1443 996 1516 illa,
1013 1460 1093 1518 quae
1107 1444 1154 1503 in·

114 1526 271 1597 venimus,
292 1526 323 1584 in
339 1524 479 1584 ordinem
491 1523 675 1597 redigimus,
695 1532 729 1583 ut
745 1536 828 1585 certo
845 1525 982 1601 quidque
997 1527 1066 1587 loco
1083 1543 1154 1600 pro·

115 1610 282 1680 nuntietur,
309 1607 476 1675 videndum
490 1614 547 1677 est,
563 1605 735 1665 cuiusmodi
749 1608 899 1666 rationem
913 1608 943 1666 in
958 1609 1153 1683 disponendo

115 1692 231 1750 habere
246 1689 418 1750 conveniat.
442 1688 562 1746 Genera
577 1687 815 1766 dispositionum
830 1696 901 1749 sunt
916 1691 993 1749 duo:
1009 1709 1104 1749 unum
1115 1692 1154 1751 ab

115 1771 307 1833 institutione
328 1770 401 1830 artis
417 1770 603 1844 proiectum,
626 1771 754 1829 alterum
768 1773 808 1830 ad
823 1786 929 1830 casum
944 1773 1089 1847 temporis
1104 1791 1154 1832 ac-

115 1856 353 1917 commodatum.
388 1854 436 1911 Ex
456 1851 647 1912 institutione
662 1853 736 1920 artis
752 1853 970 1929 disponemuS,
997 1871 1090 1930 quum
1106 1874 1154 1916 se·

115 1955 246 2016 quemur
266 1955 334 1997 eam
354 1935 619 2012 praeceptionem,
647 1952 739 2011 quam
754 1936 784 1995 in
799 1937 898 2012 primo
913 1937 994 2000 libro
1007 1940 1154 2015 exposui*

114 2041 199 2095 muS,
223 2022 283 2081 hoc
304 2028 367 2092 est,
392 2028 425 2080 ut
445 2028 567 2081 ummur
579 2018 750 2094 principio,
775 2021 964 2096 narratione,
984 2023 1154 2098 divisione,

114 2105 362 2176 confirmatione,
383 2102 609 2175 confutatione,
631 2103 847 2179 conclusione,
863 2113 893 2165 et
908 2106 988 2167 hunc
1005 2107 1154 2183 ordinem,

115 2190 374 2265 quemadmodum
394 2194 592 2262 praeceptum
608 2194 755 2260 estante,
781 2187 813 2247 in
828 2188 959 2251 dicendo
976 2208 1153 2266 sequamur.

111 2282 198 2352 [item
211 2289 250 2331 ex
270 2270 459 2333 institutione
474 2269 548 2328 artis
563 2286 625 2328 non
639 2273 732 2330 modo
748 2278 828 2351 totas
844 2288 956 2333 causas
971 2290 1027 2348 per
1042 2274 1152 2335 oratio-

114 2372 200 2428 nem,
235 2356 292 2415 sed
318 2353 455 2428 singulas
482 2369 608 2428 quoque
634 2354 915 2430 argumentationes
940 2358 1153 2431 disponemus,

114 2441 373 2516 quemadmodum
387 2438 417 2497 in
433 2437 510 2496 libro
527 2438 666 2499 secundo
682 2438 853 2512 docuimus,
874 2438 905 2499 id
920 2449 969 2501 est
984 2440 1152 2516 expositio-

113 2542 192 2596 nem,
207 2523 365 2592 rationem,
381 2520 643 2583 confirmationem
658 2522 795 2596 rationis,
812 2524 1053 2598 exornationem,
1069 2540 1153 2585 com-

87 2624 96 2631 ·
113 2607 299 2683 plexionem.
338 2603 387 2666 17.
409 2607 494 2665 Haec
514 2604 605 2679 igitur
620 2607 737 2680 duplex
751 2606 915 2682 dispositio
931 2617 993 2668 est:
1018 2626 1082 2668 una
1096 2626 1153 2685 per

114 2690 286 2762 orationes,
312 2691 407 2759 altera
426 2705 482 2763 per
496 2689 791 2763 argumentationes,
818 2691 857 2749 ab
872 2690 1062 2753 institutione
1077 2692 1153 2752 artis

63 2768 72 2789 '
112 2776 274 2849 prolecta]
296 2773 352 2832 Est
366 2779 467 2830 autem
482 2771 542 2829 alia
556 2771 735 2846 dispositio,
759 2790 854 2846 quae,
881 2791 975 2848 quum
989 2775 1028 2834 ab
1044 2775 1153 2834 ordine

113 2854 282 2917 artificioso
305 2854 515 2912 secedendum
535 2862 597 2924 est,
624 2854 753 2914 oratoris
775 2855 888 2915 iudicio
910 2858 950 2914 ad
966 2862 1087 2930 tempus
1102 2873 1152 2916 ac·

114 2938 343 3006 commodatum
358 2937 423 2996 atsi
436 2934 652 2996 abnarratione
667 2935 770 2997 dicere
784 2937 967 3010 incipiamus
982 2946 1034 2998 aut
1048 2932 1086 3000 ab
1098 2941 1152 3000 ali-

115 3040 176 3099 qua
197 3019 372 3081 firmissima
393 3017 657 3094 argumentatione
678 3026 731 3079 aut
750 3035 770 3077 a
790 3019 956 3080 litterarum
981 3022 1152 3099 aliquarum

113 3106 307 3175 recitatione;
333 3112 385 3164 aut
406 3103 433 3164 si
454 3103 625 3163 secundum
639 3101 825 3178 principium
840 3105 1070 3169 confirmatione
1086 3118 1151 3169 uta-

114 3207 194 3263 mur,
216 3189 329 3253 deinde
343 3187 532 3258 narraticno;
555 3194 616 3260 aut,
639 3186 666 3246 si
682 3202 774 3263 quam
789 3185 941 3250 eiusmodi
954 3194 1150 3269 permutatio-

112 3291 183 3333 nem
195 3272 311 3334 ordinis
323 3272 488 3342 faciamus;
505 3288 636 3348 quorum
647 3270 731 3346 nihil,
746 3271 805 3333 nisi
818 3286 913 3334 eausa
924 3269 1068 3349 postulet,
1084 3277 1151 3334 lieri

116 3355 280 3429 oportebit.
302 3357 378 3418 Nam
394 3358 421 3418 si
434 3360 633 3419 veliementer
647 3377 740 3420 aures
755 3361 930 3421 auditorum
946 3363 1097 3422 obtunsae
1109 3359 1153 3412 vi-

20 3484 23 3495 .
113 3436 272 3499 debuntur
289 3447 382 3515 atquc
397 3442 490 3501 animi
512 3438 671 3518 defatigati
691 3445 729 3504 ab
751 3445 937 3507 adversariis
961 3437 1154 3500 multitudine
