2575 3892
116 183 153 241 59
349 172 465 232 LIBER
479 174 515 232 ΙΙ.
539 171 621 231 cni).
637 181 740 234 9-10.
763 177 788 237 5·
803 177 924 231 att-33.
1055 226 1057 231 ,
1098 169 1158 231 161

119 323 218 399 vivat,
241 340 302 400 qua
314 322 434 384 ratione
448 322 545 397 vitae,
568 339 629 397 quc
644 338 729 383 more
744 323 913 383 domestico
928 322 1020 383 vivat.
1057 320 1109 383 30.
1124 322 1161 382 Et

118 427 161 472 ex
183 411 304 470 fortuna
322 421 418 482 saepe
441 406 662 481 argumentatio
688 406 840 480 nascitur,
867 421 959 481 quum
984 422 1094 466 servus
1120 421 1161 465 an

118 494 210 565 iiber,
236 490 428 568 pecuniosus
450 507 490 549 an
504 506 639 565 pauper,
665 487 777 551 nobilis
793 505 832 548 an
847 487 1006 563 ignobilis,
1032 489 1105 549 felix
1120 506 1160 549 an
1203 542 1206 549 ,

118 576 242 649 infelix,
264 574 403 650 privatus
418 589 457 633 an
471 573 503 633 in
517 581 670 648 potestate
687 572 727 634 sit
740 581 792 633 aut
805 572 897 633 fucrit
910 579 963 634 aut
977 573 1095 634 iuturus
1111 572 1159 648 sit,

117 659 349 728 consideratum
381 665 434 719 aut
459 657 594 732 denique
615 656 733 735 aliquid
754 672 861 717 corum
883 655 1055 732 quaeritur,
1081 673 1160 731 quae

119 744 262 804 fortunae
274 757 346 803 esse
357 740 501 803 attributa
511 738 728 816 intelliguntur.
749 740 878 817 Habitus
890 749 1000 812 autem,
1017 738 1161 815 quoniam

119 828 150 886 in
166 826 271 901 aliqua
284 826 423 901 perfecta
437 833 468 886 ct
482 824 634 885 constanti
646 823 738 884 animi
749 833 801 885 aut
814 823 955 899 corporis
966 822 1160 884 absolutione

117 908 272 971 consistit.
288 926 351 985 quo
366 907 397 968 in
412 924 525 984 genere
541 916 589 968 est
604 907 712 981 virtuS,
726 907 854 968 scicntia
868 916 899 968 et
914 920 994 983 quae
1009 906 1162 967 contraria

120 1001 207 1066 sunt;
233 1008 285 1053 res
306 991 391 1069 ipsa,
417 1008 513 1053 causa
533 991 651 1067 posita,
678 991 816 1065 docebit,
829 991 957 1067 *ecquid
969 991 1020 1052 hic
1036 1006 1162 1066 quoquc

118 1079 208 1137 iocus
230 1075 419 1151 suspicionis
441 1076 593 1139 ostendat.
628 1076 704 1135 Nam
725 1073 908 1135 adfectionis
935 1074 1059 1150 quidem
1084 1074 1161 1133 ratic

117 1157 317 1236 perspicuam
330 1160 410 1220 sciet
424 1175 499 1234 prae
514 1175 549 1219 se
563 1175 672 1233 gerere
688 1158 910 1232 coniecturam,
931 1168 965 1219 ut
978 1175 1080 1231 amor,
1102 1157 1159 1216 ira-

117 1243 420 1316 cundia,·moiestia,
440 1250 607 1317 propterea
622 1243 707 1317 quod
723 1251 753 1302 et
766 1240 906 1318 ipsorum
919 1240 968 1301 vis
983 1239 1162 1316 intelligitur

114 1337 163 1401 et,
189 1342 269 1403 quae
289 1342 340 1386 res
362 1327 470 1386 irarum
484 1325 619 1400 aliquam
632 1342 699 1386 rem
714 1336 958 1401 consequantur,
985 1325 1093 1385 faciles
1108 1339 1160 1383 cc-

114 1411 206 1486 gnitu
220 1418 300 1471 sunt.
320 1408 370 1471 31.
387 1409 528 1470 Studium
543 1417 645 1470 autem
661 1407 806 1484 quoniam
822 1418 870 1470 est
884 1408 1016 1470 adsidua
1026 1417 1057 1468 et
1066 1407 1160 1468 vehe-

118 1509 208 1552 mens
230 1493 364 1566 aliquam
384 1493 504 1552 adrem
519 1493 674 1565 applicata
688 1492 881 1566 magnacum
894 1494 1052 1551 volontate
1068 1507 1160 1550 occu-

117 1575 216 1651 patio,
237 1573 327 1633 facile
342 1589 383 1632 cx
397 1589 435 1634 eo
451 1576 582 1633 ducetur
596 1574 829 1648 argumentatio,
852 1589 943 1649 quam
957 1590 1009 1635 res
1024 1574 1094 1648 ipsa
1108 1573 1161 1630 de·

116 1657 269 1723 siderabit
288 1656 319 1716 in
341 1672 445 1718 causa.
481 1657 556 1717 item
576 1672 617 1716 ex
632 1655 761 1717 consilio
778 1664 915 1718 sumetur
928 1654 1046 1733 aliquid
1059 1655 1161 1729 suspi-

116 1740 237 1810 cion1s;
264 1757 336 1799 nam
356 1737 520 1801 consilium
541 1747 590 1799 est
610 1738 728 1814 aliquid
749 1739 882 1801 faciendi
903 1756 966 1800 non
984 1737 1161 1799 faciendive

117 1823 296 1900 excogitata
308 1822 397 1883 ratio.
429 1823 493 1883 lam
508 1824 588 1882 facta
602 1831 633 1883 ct
648 1838 740 1883 casus
756 1820 786 1883 et
801 1822 973 1896 orationes,
996 1829 1162 1899 quaesunt

118 1908 233 1982 omnia,
246 1916 281 1969 ut
294 1907 326 1967 in
340 1905 580 1967 confirmationis
592 1906 768 1982 praeceptis
781 1905 896 1968 dictum
907 1913 963 1981 est,
974 1906 1006 1966 in
1017 1905 1074 1984 tria
1086 1914 1161 1965 tern-

118 2007 197 2068 pora
212 1990 384 2064 distributa,
406 1989 495 2051 facile
510 1990 567 2050 erit
580 1990 696 2065 videre,
713 1989 826 2066 ecquid
841 1991 981 2052 adierant
995 1991 1034 2050 ad
1050 1989 1161 2051 confir

119 2076 263 2136 mandam
278 2073 485 2135 coniecturam
500 2073 699 2149 suspicionis.
1023 2074 1025 2079 ’

193 2159 230 2241 Χ.
251 2157 303 2218 32.
323 2157 535 2234 Acfperscnis
558 2157 682 2234 quidem
695 2174 748 2218 res
762 2173 818 2218 eae
833 2166 905 2220 sunt
918 2158 1094 2230 attributae,
1121 2172 1161 2217 ex

119 2240 234 2318 quibus
256 2240 398 2302 omnibus
418 2258 514 2301 unum
533 2240 682 2300 inlocum
698 2241 813 2301 coactis
829 2241 1020 2305 accusatoris
1036 2241 1093 2302 erit
1105 2241 1160 2299 irn-

118 2324 303 2401 probatione
316 2323 450 2385 hominis
465 2323 518 2386 uti.
553 2325 630 2384 Nam
646 2340 742 2385 causa
756 2324 828 2385 iacti
841 2342 951 2401 parum
965 2323 1160 2385 firmitudinis

117 2408 256 2481 habebit,
278 2406 338 2468 nisi
352 2407 473 2470 animus
489 2408 573 2482 cius,
595 2407 649 2483 qui
664 2407 871 2484 insimuletur,
896 2409 928 2469 in
944 2406 1161 2482 camsuspici·

117 2510 210 2554 onem
231 2491 407 2566 adducitur,
445 2499 479 2553 ut
499 2509 519 2551 a
541 2490 591 2551 tali
612 2493 705 2566 culpa
719 2498 781 2552 non
791 2488 936 2554 videatur
950 2491 1160 2555 abhorruisse

115 2577 157 2638 Ut
168 2575 250 2637 enim
261 2575 396 2636 animum
407 2573 726 2650 alicuiusimprobare
738 2574 813 2636 nihii
824 2575 939 2650 attinet,
953 2594 1047 2652 quum
1054 2593 1160 2651 causa,

15 2713 16 2716 ,
118 2673 215 2734 quare
237 2658 388 2732 peccarit,
414 2675 479 2720 non
497 2658 689 2732 intercessit,
717 2659 762 2720 sic
784 2662 910 2722 causam
931 2661 1053 2736 peccati
1067 2660 1160 2720 inter-

118 2742 232 2802 cedere
253 2742 322 2800 levc
343 2749 406 2814 est,
433 2741 461 2800 si
475 2741 595 2801 animus
611 2740 686 2803 nulii
698 2742 801 2803 minus
815 2744 967 2805 honestae
980 2743 1091 2804 rationi
1106 2745 1159 2800 ad-

117 2823 190 2884 finis
213 2822 394 2882 ostenditur.
431 2824 531 2896 Quare
552 2824 644 2885 vitam
666 2827 748 2900 eiuS,
774 2843 866 2902 quem
887 2826 1001 2902 arguit,
1028 2842 1070 2886 ex
1089 2833 1159 2884 ante

117 2904 209 2967 iactis
233 2912 398 2965 accusator
417 2905 592 2982 improbare
612 2909 738 2970 debebit
757 2917 787 2970 et
801 2912 981 2983 ostendere,
1007 2908 1035 2969 si
1050 2925 1112 2983 quc
1127 2906 1158 2968 in

14 3025 15 3046 t
116 2989 186 3067 pari
200 2996 271 3050 ante
285 2997 415 3064 peccato
431 2991 591 3052 convictus
607 2992 656 3052 sit.
679 2992 712 3053 si
726 2992 758 3059 td
771 3010 833 3054 non
848 2993 971 3070 poterit,
985 2991 1013 3053 si
1025 3008 1117 3068 quam
1127 2992 1158 3051 in

21 3112 23 3121 κ
114 3073 249 3136 similem
263 3081 334 3133 ante
350 3072 560 3149 suspicionem
570 3076 699 3152 venerit,
714 3093 750 3137 ac
762 3078 903 3152 maxime,
919 3076 946 3138 si
958 3076 1026 3136 fieri
1036 3075 1158 3150 poterit,

118 3157 209 3218 simili
223 3157 328 3234 aliquo
343 3157 374 3217 in
390 3174 503 3234 genere
518 3159 743 3221 eiusdemmodi
754 3177 849 3221 causa
859 3161 963 3236 aliqua
973 3167 1158 3221 commotum

116 3256 269 3315 peccasse
284 3240 382 3303 autin
396 3258 497 3318 aeque
511 3258 622 3318 magna
635 3260 675 3316 re,
685 3251 737 3303 aut
747 3241 779 3301 in
790 3243 907 3304 maiore
916 3251 970 3305 aut
980 3242 1011 3303 in
1022 3242 1157 3304 minore:

113 3333 151 3387 ut
157 3326 193 3399 si,
202 3342 294 3400 quem
302 3327 375 3402 quid
383 3325 516 3401 pecunia
525 3323 608 3383 dicat
618 3323 777 3382 inductum
789 3316 912 3391 iecisse,
920 3315 1023 3391 possit
1034 3316 1161 3403 demon·

115 3418 217 3471 strare
231 3412 336 3487 aliqua
351 3411 382 3470 in
397 3426 432 3470 re
447 3409 514 3468 eius
530 3407 657 3480 aliquod
673 3405 788 3463 factum
800 3416 938 3461 avarum.
965 3398 1024 3458 33.
1040 3398 1115 3454 item
1127 3405 1162 3448 m

161 3510 260 3556 ercan.
276 3495 297 3555 i.
918 3495 948 3543 tr
