2575 3892
127 152 171 215 64
480 148 535 205 Ab
560 143 843 203 curtamaltru

212 301 261 359 lX.
286 294 549 375 mindi-mediocri
564 295 663 370 ligura
677 294 850 355 versabitur
864 294 971 366 oratio,
988 293 1015 354 si
1030 295 1116 367 haec,
1133 307 1169 361 ul

129 393 199 445 ante
211 381 283 451 dixi,
295 372 515 455 aliquantulum
528 378 742 438 demiserimus
755 394 855 452 neque
866 385 966 438 tamen
979 378 1018 438 ad
1030 378 1169 441 infimum

129 464 397 535 descenderimus,
423 463 485 522 sim
515 461 703 535 Quibuscum
725 462 837 520 bellum
858 461 1007 535 gerinus,
1035 460 1167 535 iudices,

129 547 253 617 videtis;
274 564 343 609 curn
358 544 468 617 sociis,
486 545 539 620 qui
554 560 612 620 pro
627 544 718 604 nobis
737 559 874 618 pugnare
889 552 920 604 et
933 543 1095 618 imperium
1109 560 1237 627 no-on:

129 636 225 692 strum
244 630 407 690 nobiscum
428 629 518 689 simul
538 628 650 689 virtute
672 636 702 688 et
716 626 866 687 industria
881 643 1066 688 conservare
1083 628 1167 689 soliti
1276 640 1277 659 ¹

129 724 208 775 sunt.
230 712 268 772 lli
284 731 376 788 quum
391 729 426 772 se
441 720 471 771 et
485 728 563 787 opes
579 728 653 770 suas
669 719 698 771 et
713 709 834 785 copiam
850 709 1027 770 necessario
1043 721 1165 785 norunt,

129 808 191 858 tum
216 813 291 858 vero
314 796 407 855 nihilo
428 793 529 854 minus
550 802 678 869 propter
697 791 956 869 propinquitatem
978 801 1008 853 et
1031 794 1165 855 omnium

127 897 227 941 rerum
245 879 432 948 societatem,
455 875 529 952 quid
543 876 573 936 in
590 876 731 937 omnibus
744 876 838 936 rebus
853 877 989 951 populus
1005 878 1163 938 Romanus

129 973 246 1037 posset,
263 962 343 1023 scire
358 969 389 1022 et
403 959 578 1022 existimare
594 969 745 1035 poterant.
776 960 815 1019 Hi
831 976 924 1033 quum
938 959 1166 1021 deliberassent

127 1047 287 1105 nobiseum
308 1045 422 1105 bellum
439 1060 563 1121 gerere,
591 1059 723 1117 quaese,
752 1060 830 1117 quae
845 1059 896 1102 res
912 1050 990 1116 erat,
1006 1060 1080 1117 ¹qua
1093 1044 1165 1105 freti

127 1128 239 1187 bellum
255 1128 415 1200 suscipere
431 1136 629 1199 conarentur,
647 1143 739 1200 quum
755 1128 850 1187 multo
865 1125 1028 1187 maximam
1043 1135 1165 1201 partem

127 1210 281 1271 sociorum
296 1210 327 1268 in
343 1210 446 1270 officio
461 1227 584 1270 manere
599 1207 823 1283 intelligerent?
838 1226 930 1285 quum
944 1209 1003 1270 sibi
1015 1227 1076 1271 non
1088 1213 1168 1281 mul-1

123 1293 284 1354 titudinem
299 1291 440 1364 militum,
464 1307 525 1352 non
540 1292 671 1351 idoneos
687 1291 904 1367 imperatores,
922 1308 984 1353 non
999 1293 1164 1369 pecuniam

128 1375 280 1451 pubiicum
301 1384 426 1451 praesto
449 1391 521 1436 esse
542 1375 704 1435 viderent?
728 1391 791 1436 non
811 1375 944 1452 denique
970 1379 1061 1438 ullam
1085 1393 1161 1449 rem,

127 1475 205 1533 «quae
220 1476 271 1519 res
286 1458 453 1533 pertineret
466 1459 506 1519 ad
520 1459 633 1518 bellum
648 1456 943 1520 administrandum?
963 1460 996 1521 Si
1012 1477 1079 1523 cum
1093 1460 1163 1521 fini·

126 1542 206 1601 timis
228 1544 267 1601 de
289 1541 401 1601 tinibus
421 1542 535 1601 bellum
549 1542 705 1615 gererent,
734 1542 762 1603 si
775 1550 871 1603 totum
887 1552 1039 1604 certamen
1055 1544 1163 1605 inuno

126 1624 244 1700 proelio
261 1624 395 1700 positum
409 1632 559 1700 putarent,
575 1632 677 1685 tamen
693 1624 835 1686 omnibus
846 1628 938 1687 rebus
951 1627 1163 1688 instructiores

125 1717 156 1770 et
170 1709 383 1783 apparatiores
396 1706 551 1780 venirent;
566 1710 679 1769 nedum
704 1711 746 1772 illi
765 1710 928 1786 imperium
943 1711 1027 1770 orbis
1052 1718 1161 1784 terrae,

124 1792 174 1853 cui
189 1792 317 1866 imperio
334 1810 440 1853 omnes
455 1800 577 1866 gentes,
593 1809 700 1867 reges,
717 1792 856 1875 nationes
871 1792 980 1867 partim
994 1792 1034 1862 vi,
1051 1793 1163 1866 partim

124 1877 289 1936 voluntate*
303 1884 540 1947 concesserunt,
567 1893 661 1949 quum
681 1883 733 1935 aut
753 1875 845 1934 armis
867 1882 919 1933 aut
939 1873 1121 1937 liberalitate
1144 1895 1163 1937 a

124 1959 241 2033 populo
257 1960 395 2018 Romano
411 1956 547 2033 superati
562 1966 676 2028 essent,
692 1958 731 2016 ad
747 1973 782 2017 se
797 1959 962 2017 transferre
977 1958 1100 2020 tantulis
1117 1958 1163 2018 vi-

9 2033 14 2046 '
58 2044 62 2049 '
122 2040 208 2100 ribus
226 2049 417 2101 conarentur.
440 2040 570 2113 Quaeret
584 2039 711 2114 aliquis:
729 2038 829 2112 Qutuc
842 2041 1012 2115 Fregellani
1027 2057 1088 2103 non
1104 2058 1162 2103 sua

124 2131 236 2198 sponle
252 2122 354 2184 conati
369 2132 460 2185 sunt?
479 2124 525 2185 Eo
542 2123 665 2199 quidem
681 2120 731 2183 isti
745 2123 845 2184 minus
862 2124 951 2185 facile
966 2134 1160 2199 conarentur,

124 2207 209 2281 quod
222 2206 265 2265 illi
281 2208 537 2280 quemadmodum
552 2206 782 2280 discessissent,
798 2207 951 2268 videbant.
972 2210 1048 2269 Nam
1059 2226 1161 2268 rerum

125 2289 271 2366 imperiti,
301 2291 353 2365 qui
367 2291 457 2352 unius
473 2291 623 2367 cuiusque
638 2288 684 2350 rei
700 2293 845 2351 derebus
861 2301 931 2352 antc
946 2293 1041 2369 gestis
1057 2308 1160 2353 exem·

124 2377 176 2448 pla
191 2382 297 2448 petere
312 2392 373 2434 non
388 2383 535 2448 possunt,
551 2374 572 2432 ii
587 2390 643 2447 per
658 2373 892 2447 imprudentiam
908 2376 1050 2436 facillime
1063 2376 1160 2436 dedu-

120 2464 233 2515 cuntur
246 2456 277 2514 in
292 2458 445 2524 fraudem3
469 2464 499 2515 at
513 2454 550 2527 ii,
566 2455 619 2531 qui
635 2455 751 2529 sciunt,
766 2456 842 2531 quid
855 2458 924 2519 aliis
939 2458 1099 2531 acciderit,
1115 2460 1160 2517 la-

124 2539 182 2598 cile
204 2553 245 2596 ex
265 2538 394 2597 aliorum
415 2537 535 2597 eventis
557 2538 622 2598 suis
644 2539 814 2600 rationibus
836 2553 971 2615 possunt
984 2541 1160 2619 providere.

123 2622 210 2682 Nulla
224 2619 315 2696 igitur
329 2638 362 2680 re
377 2619 501 2692 inducti,
518 2621 600 2681 ncilla
615 2637 673 2697 spe
684 2622 753 2685 freti
764 2640 848 2684 arma
860 2628 1071 2687 sustulerunt?
1085 2623 1160 2696 Quis
1183 2672 1204 2703 ,Ἴ

123 2706 182 2766 boc
199 2707 319 2776 credet,
340 2713 454 2765 tantam
469 2704 631 2764 amentiam
648 2723 833 2784 quemquam
848 2711 1000 2781 tenuisse,
1016 2717 1049 2769 ut
1063 2708 1160 2782 impe·
1173 2704 1229 2757 Ν

122 2791 200 2851 rium
221 2789 330 2867 populi
344 2789 474 2851 Romani
493 2797 643 2863 temptare
665 2793 793 2853 auderet
813 2793 904 2853 nullis
926 2792 1026 2868 copiis
1041 2793 1163 2852 fretus?

123 2875 203 2949 Ergo
215 2872 333 2950 aliquid
355 2873 454 2934 luisse
476 2887 607 2935 necesse
628 2883 686 2938 est.
722 2878 800 2954 Quid
815 2880 914 2950 aliud,
934 2877 993 2938 nisi
1007 2877 1052 2947 id,
1076 2877 1161 2949 quod

125 2957 204 3026 dico,
222 2964 434 3029 potestesse?
763 2998 770 3005 -

203 3038 239 3094 X.
264 3037 319 3103 14,
328 3042 361 3105 ln
377 3049 531 3123 attenuata
547 3041 664 3115 figurae
679 3057 806 3116 genere,
825 3042 911 3118 quod
924 3042 964 3101 ad
978 3040 1116 3105 infimum
1131 3051 1163 3105 et

124 3116 310 3177 cotidianum
331 3128 504 3181 sermonem
525 3122 695 3183 demissum
716 3134 779 3196 est,
805 3126 864 3184 hoo
887 3125 944 3186 erit
969 3129 1162 3204 exemplum:

120 3198 199 3254 Nam
209 3202 247 3255 'ut
261 3202 338 3258 lorte
352 3200 401 3261 hic
416 3204 446 3262 in
461 3202 587 3265 balneas
601 3202 694 3277 venit,
710 3205 821 3280 coepit,
837 3217 1004 3283 postquam
1015 3212 1161 3286 perfusus

120 3285 182 3347 est,
196 3278 346 3337 defricari.
386 3286 518 3356 Deinde,
530 3289 582 3346 ubi
597 3289 698 3347 visum
713 3302 775 3359 est,
793 3291 870 3348 utin
886 3295 1009 3369 alveum
1031 3294 1162 3351 descen-

119 3358 225 3427 deret,
242 3373 316 3417 ecce
330 3358 372 3419 ibi
385 3364 445 3422 iste
460 3367 705 3467 deqtpansversm
726 3370 827 3442 liena,
843 3369 950 3443 inquit,
966 3360 1161 3444 adolescens
