2575 3892
106 195 169 262 164
280 196 286 213 “
475 191 526 251 DE
542 187 773 249 lltvENTrolta
1114 195 1152 250 62

107 348 138 411 in
154 341 393 410 confirmationis
409 341 583 419 praeceptis
599 340 753 416 explicata
766 348 823 400 est.
852 339 961 413 Quare,
977 356 1017 399 ne
1032 348 1085 401 aut
1098 340 1153 402 bio

108 449 170 494 non
185 427 385 490 admonuisse
400 434 453 487 aut
467 442 506 486 ne
521 425 630 485 eadem
644 426 754 485 iterum
765 422 884 483 dixisse
897 422 1064 497 videamur,
1079 425 1153 485 bre-

108 517 186 577 viter
199 512 387 585 inficiemus,
414 509 489 586 quid
505 525 627 584 quaque
642 508 673 571 in
689 516 775 584 parte
791 505 982 567 considerari
998 516 1153 583 oporteat.

107 603 142 660 ln
156 601 226 661 loco
242 595 332 672 igitur
347 594 569 671 opportunitas,
585 592 767 667 intempore
782 588 1001 666 longinquitas,
1016 591 1049 650 in
1059 608 1153 652 occa·

110 684 199 745 sione
214 679 416 743 commoditas
430 679 471 738 ad
486 677 661 738 faciendum
674 676 795 748 idonea,
810 673 842 734 in
857 675 1001 735 facultate
1017 674 1109 750 copia
1122 683 1155 736 et

108 773 249 843 potestas
270 780 373 824 earum
394 778 511 835 rerum,
537 769 664 837 propter
684 777 762 837 quas
784 757 901 834 aliquid
915 757 1036 818 facilius
1051 759 1086 818 fit
1100 767 1156 820 aut

110 849 224 926 quibus
245 847 314 909 sine
335 846 459 908 omuino
480 846 592 906 confici
612 863 674 905 non
696 850 813 919 potest,
840 840 1068 925 consideranda
1093 852 1151 903 est.

108 933 161 996 41.
182 932 300 993 Deinde
315 931 482 993 videndum
496 938 559 1003 est,
587 929 663 1005 quid
676 928 852 988 adiunctum
867 924 906 985 sit
920 925 1054 1001 negotio,
1090 926 1154 986 hoc

109 1027 173 1088 est,
198 1015 273 1093 quid
288 1014 396 1087 maius,
420 1014 492 1090 quid
508 1014 619 1087 minus,
642 1012 717 1088 quid
731 1026 831 1086 aeque
846 1025 991 1084 magnum
1006 1009 1053 1083 sit,
1076 1009 1156 1084 quid

110 1100 226 1170 simile;
253 1099 420 1175 exquibus
437 1097 613 1159 coniectura
628 1095 780 1172 quaedam
795 1091 924 1165 ducitur,
946 1091 982 1166 si,
1004 1094 1156 1168 quemad-

111 1184 236 1243 modum
250 1199 302 1243 res
317 1181 460 1255 maiores,
482 1181 626 1253 minores,
648 1195 748 1254 aeque
762 1189 892 1252 magnae
907 1174 1086 1251 similesque
1100 1176 1156 1249 agi

112 1267 247 1337 soleant,
274 1265 436 1339 diligenter
456 1261 709 1324 considerabitur.
746 1262 812 1334 Quo
833 1260 865 1321 in
885 1275 997 1335 genere
1018 1266 1154 1318 eventus

110 1358 238 1423 quoque
258 1341 414 1401 videndus
433 1342 505 1411 crit,
528 1340 588 1400 lroc
609 1349 670 1411 est,
692 1341 768 1414 quid
792 1357 831 1399 ex
852 1354 972 1414 quaqua
991 1353 1024 1397 re
1047 1340 1157 1399 soleat

111 1424 248 1496 evenire,
264 1441 376 1499 magno
393 1440 489 1499 opere
504 1422 764 1485 considerandum
780 1431 836 1497 est,
852 1429 887 1482 ut
901 1428 1008 1492 metus,
1023 1421 1155 1494 laetitia,

109 1508 264 1581 titubatio,
279 1507 417 1577 avaritia.
433 1509 485 1568 42.
501 1507 614 1580 Quarta
627 1515 731 1568 autem
745 1524 818 1583 pars
834 1514 902 1566 erat
917 1522 957 1565 ex
971 1505 1007 1565 iis
1023 1506 1156 1578 [rebus],

111 1612 190 1670 quas
210 1591 342 1669 negotiis
360 1592 539 1652 dicebamus
562 1607 634 1651 esse
649 1592 824 1661 attributas,
845 1589 1036 1651 consecutio.
1065 1592 1101 1649 In
1117 1604 1158 1649 ea

111 1686 301 1754 quaeruntur
314 1693 360 1747 ea,
374 1692 454 1751 quae
465 1682 587 1750 gestum
598 1674 756 1749 negotium
769 1673 931 1735 confestim
943 1682 996 1734 aut
1008 1678 1048 1734 ex
1062 1673 1158 1733 inter-

110 1765 193 1822 vallo
207 1767 451 1837 consequuntur.
468 1763 500 1818 ln
516 1777 577 1834 qua
588 1758 771 1831 videbimus,
784 1774 883 1834 ecqua
897 1758 1091 1819 consuetudo
1105 1757 1157 1826 sir,

111 1862 212 1921 ecqua
227 1849 286 1916 len,
303 1861 403 1920 ecqua
417 1843 537 1919 pactio,
554 1843 677 1916 ecquod
692 1840 758 1903 eius
774 1842 818 1902 rei
833 1841 995 1902 artificium
1010 1850 1063 1902 aut
1076 1858 1157 1902 usus

111 1937 164 1989 aut
186 1928 381 1998 exercitatio,
409 1927 567 1988 hominum
586 1935 639 1987 aut
659 1926 842 2003 approbatio
860 1933 913 1986 aut
935 1925 1084 1995 offensio,
1112 1942 1156 1984 ex

113 2013 226 2086 quibas
242 2028 463 2085 nonnunquam
479 2011 600 2071 elicitur
614 2008 731 2085 aliquid
745 2009 943 2084 suspicionis.

184 2094 262 2155 Xill.
277 2095 356 2154 Sunt
367 2104 469 2154 autem
480 2094 603 2170 aliquae
614 2094 693 2154 aliae
704 2093 910 2170 suspiciones,
922 2109 1004 2168 quae
1019 2109 1157 2155 commu-

111 2178 190 2239 niter
206 2185 237 2238 et
252 2194 291 2237 ex
307 2178 502 2253 negotiorum
519 2187 549 2239 et
564 2196 604 2239 ex
618 2193 823 2254 personarum
838 2176 1089 2238 attributionibus
1104 2195 1157 2239 su-

110 2270 243 2323 muntur.
257 2264 332 2323 Nam
344 2271 424 2347 etex
435 2264 558 2325 fortuna
569 2271 600 2323 et
611 2278 650 2323 ex
661 2269 771 2322 natura
783 2269 814 2322 et
826 2277 865 2320 ex
875 2261 970 2334 viam,
983 2261 1100 2337 studio,
1109 2264 1158 2322 fa-

111 2347 178 2420 ctis,
189 2363 274 2419 casu,
283 2346 483 2418 orationibus,
492 2347 622 2408 consilio
635 2354 666 2407 et
678 2362 717 2406 ex
728 2346 833 2407 habitu
844 2345 936 2408 anirni
947 2353 999 2406 aut
1011 2347 1158 2420 eorporis

111 2434 263 2505 pleraque
277 2430 432 2504 pertinent
446 2430 486 2490 ad
502 2433 628 2491 easdem
642 2447 707 2500 res,
730 2446 810 2504 quae
825 2446 892 2490 rem
907 2429 1081 2490 credibilem
1099 2439 1160 2491 aut

110 2511 323 2573 incredibilem
338 2516 441 2572 facere
457 2521 591 2587 possunt
608 2521 639 2573 et
655 2529 724 2573 cum
740 2514 812 2574 faeti
829 2513 1004 2590 suspicione
1019 2512 1158 2585 iungun-

111 2602 170 2656 tur.
212 2593 262 2656 43.
283 2594 415 2654 Maxime
436 2596 514 2655 enim
532 2597 639 2672 quaeri
658 2604 782 2672 oportet
803 2597 834 2657 in
849 2598 908 2658 bac
921 2594 1158 2669 constitutione,

110 2680 244 2757 primum
258 2678 434 2755 potueritne
449 2678 565 2755 aliquid
577 2680 662 2752 fieri;
686 2681 799 2742 deinde
816 2697 916 2758 ecquo
932 2681 970 2740 ab
986 2679 1046 2740 allo
1063 2688 1158 2755 potu-

112 2763 185 2837 erit;
203 2763 316 2824 deinde
331 2767 477 2836 facultas,
494 2762 533 2824 de
549 2782 611 2840 qua
627 2773 699 2826 ante
713 2762 862 2838 diximus;
880 2765 991 2826 deinde
1005 2771 1109 2825 utrum
1122 2764 1158 2825 id

111 2849 231 2911 facinus
249 2848 304 2922 sit,
321 2849 407 2923 quod
423 2849 584 2924 poenitere
598 2849 690 2916 tuerit
705 2863 852 2922 necesse3
874 2847 948 2909 item
964 2849 1049 2924 quod
1064 2863 1159 2923 spem

112 2932 234 2995 celandi
254 2950 315 2994 non
333 2933 475 3005 haberem
499 2932 611 2995 deinde
633 2933 849 3006 necessitudo;
871 2931 995 3008 inqua,
1016 2949 1088 2991 num
1104 2948 1158 2990 ne-

112 3033 203 3078 cesse
217 3016 309 3077 fuerit
324 3016 357 3078 id
371 3025 424 3078 aut
439 3015 506 3077 fieri
521 3025 574 3079 aut
587 3018 630 3079 ita
646 3017 721 3091 lieri,
735 3017 902 3093 quaeritur.
927 3018 1065 3092 Quorum
1080 3032 1158 3092 pars

112 3100 153 3158 ad
168 3101 330 3162 consilium
342 3102 484 3177 pertinet,
503 3103 587 3176 quod
602 3101 747 3178 personis
762 3102 941 3163 attributum
953 3108 1011 3173 est,
1023 3108 1057 3162 ut
1071 3101 1102 3160 in
1117 3114 1160 3159 ea

112 3195 216 3250 causa,
234 3200 325 3254 quam
342 3187 554 3260 exposuimus.
584 3189 667 3248 Ante
679 3203 745 3248 rem
760 3187 826 3258 erit,
847 3187 932 3263 quod
948 3185 978 3249 in
994 3185 1103 3245 itinere
1118 3200 1159 3244 se

112 3265 184 3350 tam·
193 3263 381 3325 familiariter
395 3267 612 3345 applicaverit,
635 3273 720 3346 quod
741 3273 895 3333 sermonis
918 3286 1044 3331 causam
1059 3283 1158 3344 quae-

113 3345 213 3406 sierit,
236 3349 320 3410 quod
336 3347 425 3408 simul
440 3352 614 3426 diverterit,
631 3355 703 3414 dein
719 3354 846 3415 cenarit.
884 3356 918 3415 ln
934 3369 968 3413 re
984 3371 1057 3428 nox,
1072 3368 1159 3413 som-

112 3432 181 3473 nus.
198 3418 272 3477 Post
283 3439 355 3497 rem,
370 3434 454 3501 qaod
467 3437 552 3495 solus
566 3437 682 3508 exierit,
697 3438 781 3514 quod
797 3438 877 3498 illam
894 3445 957 3497 tam
975 3435 1161 3497 familiarem
