2575 3892
438 154 500 204 PER
517 154 624 206 ANNOS
641 155 789 206 DIGESTA.
1033 175 1134 219 XXXIII

303 457 389 506 Cicero
410 456 530 507 Milonem
549 458 580 506 de
597 459 624 505 vi
644 465 789 507 accusatum
808 457 934 516 defendit,
953 458 1000 507 sed
1011 458 1048 507 ita

269 533 295 574 ut
313 526 363 575 iuri
383 525 520 589 adspectu,
541 527 613 575 iussu
631 526 747 590 Pompeii
764 526 884 575 militibus
902 526 1047 575 clrcumdati

268 603 292 644 et
319 594 541 647 acclamationibus
569 593 749 645 Clodianorum
776 596 935 659 perturbatus
958 609 1047 658 parum

267 671 411 713 constanter
428 664 529 715 diceret.
555 663 619 713 Eam
638 679 704 727 quae
719 672 802 713 exstat
819 678 866 727 pro
881 662 977 711 Milone
993 678 1048 712 ora-

267 733 363 782 tionem
378 739 469 798 postea
486 734 597 797 scripsit,
616 748 675 782 cum
689 732 749 783 lllilo
764 733 945 782 condemnatus
959 730 1048 779 Massi-

267 801 326 850 liam
341 802 485 852 exsulatum
498 802 601 853 abisset.
618 801 717 853 Deinde
731 801 845 853 defendit
859 800 900 850 M.
910 798 1048 863 Saufeium,

267 872 311 932 qui
327 871 458 922 absolutus
475 880 521 921 est.
549 870 636 920 Mense
651 871 784 921 Decembri
797 871 826 920 T.
838 871 963 921 Munatius
976 868 1049 917 Plan-

267 953 312 988 cus
327 939 418 1002 Bursa,
437 939 565 991 tribunatu
580 940 664 1004 plebis
683 941 808 1005 deposito,
826 946 960 990 accusatus
976 953 993 987 a
1008 936 1048 986 ot-

270 1023 359 1058 oerone
377 1018 402 1058 et
420 1010 601 1061 condemnatus
621 1015 669 1061 est.
704 1010 759 1059 Iloo
776 1023 842 1059 anno
860 1008 901 1058 vel
918 1008 1048 1069 sequentis

267 1076 348 1137 initio,
367 1085 433 1129 certe
447 1086 506 1142 post
520 1077 686 1128 blilonianum
697 1078 828 1138 iudicium,
846 1078 946 1142 scripsit
961 1075 1047 1125 Cicero

268 1143 344 1196 libros
362 1147 393 1196 du
411 1145 531 1212 lepidus.l

103 1211 155 1266 703
197 1213 230 1265 51
267 1212 338 1263 (loss.
368 1213 426 1266 Ser.
444 1214 570 1280 Sulpiciae
586 1216 679 1279 Rufus,
699 1215 739 1266 M.
759 1215 879 1267 Clattdlus
896 1214 1046 1264 Marcellae.
1081 1214 1116 1270 50

301 1280 364 1333 llum
387 1287 518 1350 superiore
539 1301 605 1337 uano
629 1283 693 1334 soto
716 1293 818 1336 cautum
836 1291 916 1347 esset,
940 1300 972 1333 ne
990 1284 1047 1345 quis

265 1353 408 1415 praetorius
427 1362 471 1403 aut
490 1355 630 1405 consularis
647 1356 713 1404 intra
728 1353 928 1417 quinquennium
944 1354 971 1401 in
988 1366 1047 1416 pro-

264 1422 376 1472 vinciam
399 1423 461 1483 iret,
485 1426 565 1473 coacti
588 1429 647 1472 sunt
663 1425 682 1472 ii
698 1424 843 1487 provincias
860 1422 1045 1483 administrare,

266 1490 309 1550 qui
332 1489 359 1538 iu
378 1504 422 1539 eas
447 1506 462 1539 a
484 1492 617 1542 consulatu
637 1500 661 1541 et
677 1500 795 1555 praetura
811 1490 924 1540 nondum
939 1491 1045 1539 iverant.

267 1558 354 1618 Itaque
376 1557 489 1608 Ciceroni
513 1561 604 1625 obtigit
626 1559 713 1608 Cilicia
734 1574 780 1623 pro
803 1557 906 1607 consule
923 1558 1044 1622 regenda,

224 1671 228 1678 ,
267 1638 325 1671 cum
344 1625 582 1688 exercitupeditum
599 1625 711 1681 XIIII„
729 1628 841 1687 equitum
857 1624 958 1675 MMDG.
986 1624 1047 1672 Suc-

268 1692 345 1737 cessit
362 1692 389 1737 in
405 1693 535 1752 provincia
549 1693 616 1754 App.
632 1691 747 1741 Claudio.
775 1691 928 1740 Laodiceam
944 1693 971 1739 in
987 1706 1044 1754 pro·

270 1756 378 1804 vinciam
395 1756 465 1805 venit
480 1758 545 1820 prid.
564 1757 619 1805 Kal.
640 1756 727 1806 Sext¹

101 1822 154 1880 ⁷04
198 1823 234 1877 bo
268 1821 341 1878 Goss.
368 1822 403 1877 L.
420 1822 541 1875 Aemilius
559 1825 680 1883 Paullus,
700 1823 728 1875 0.
744 1823 864 1875 casuue
881 1824 907 1874 0.
924 1824 956 1878 F.
972 1823 1047 1874 Mar·
1082 1832 1115 1886 57

371 1893 456 1944 cellas.

301 1960 415 2011 Ciceroni
432 1962 528 2014 Romae
550 1978 597 2028 pro
615 1979 643 2013 re
665 1965 730 2015 bene
752 1969 826 2029 gesta
848 1961 1046 2027 supplicationes

265 2031 465 2083 decernuntur.⁸
501 2032 559 2097 Ipse
577 2033 621 2083 III.
640 2032 694 2083 Kal.
714 2032 784 2084 Sext.
803 2031 836 2081 de
852 2032 984 2096 provincia
1002 2033 1045 2082 de·

264 2099 356 2149 cedens
375 2098 403 2150 0.
423 2098 535 2153 (laelium
552 2109 713 2165 quaestorem
736 2104 760 2152 ei
774 2100 905 2166 praefecit.
943 2101 1044 2166 Epheso

262 2168 392 2232 proiectus
407 2169 463 2220 llal.
479 2169 532 2220 Oct.
549 2170 664 2221 Athenas
681 2171 751 2222 venit
766 2170 831 2234 prid.
849 2170 888 2220 Id.
906 2169 989 2220 Patris
1003 2170 1044 2221 Ti-

263 2251 352 2353 Bmem
370 2252 475 2304 aegrum
496 2238 605 2301 reliquit.
641 2238 805 2292 BrundisIum
828 2240 895 2289 venit
912 2240 967 2290 VII.
987 2239 1042 2290 Kal.

286 2321 324 2357 ec,

100 2364 151 2420 Iob
193 2364 229 2421 49
264 2373 335 2424 (loss.
372 2375 400 2426 0.
421 2376 541 2426 Claudius
563 2376 605 2426 M.
624 2377 655 2426 F.
675 2377 832 2436 Marcellae,
860 2377 894 2430 L.
916 2377 1044 2428 Corneliae
1078 2376 1113 2430 58

366 2444 489 2495 Lenndua
506 2447 580 2497 Ortus.

298 2512 386 2564 Cicero
401 2514 468 2579 prid.
481 2514 546 2568 Non.
561 2515 616 2566 lan.
628 2515 663 2566 ad
674 2515 765 2566 Urbem
778 2516 902 2566 accedens
920 2517 947 2566 in
960 2517 1042 2581 ipsam

262 2582 351 2631 incidit
372 2583 500 2635 flammam
524 2584 605 2637 civilis
624 2584 765 2637 discordiae
783 2586 848 2636 inter
867 2584 1000 2636 Gaesarem
1018 2592 1043 2634 et

263 2649 444 2715 Pompeium.⁴
480 2653 535 2703 Kal.
551 2653 605 2703 lan.
624 2653 720 2705 factum
746 2662 784 2705 est
807 2653 912 2716 SCtum,
938 2663 966 2704 ut
985 2661 1042 2704 ante

263 2719 317 2768 Καὶ.
335 2720 409 2770 Mart.
430 2719 523 2771 Caeam
546 2723 684 2773 exercitum
708 2725 858 2782 dImitteret3
882 2726 980 2773 sinon
1003 2722 1042 2770 fa-

261 2794 343 2848 ceret,
368 2796 426 2841 eum
443 2791 566 2841 adversus
583 2806 636 2841 rem
653 2793 725 2858 publ.
745 2793 871 2843 iacturam
886 2792 977 2842 videri.
1012 2788 1043 2836 tn

263 2852 326 2903 SGto
343 2857 577 2911 interceduuttrib.
596 2861 631 2924 pl.
648 2862 683 2911 It.
697 2862 821 2910 Antonius
841 2867 866 2908 et
883 2859 913 2918 Q.
928 2857 1039 2908 cassius.

262 2920 371 2974 Senatus
394 2929 554 2990 consulibus,
574 2929 747 2992 praetoribus,
771 2927 878 2977 tribunis
894 2925 931 2990 pl.
949 2927 1041 2988 iisque,

260 2993 305 3054 qui
319 3007 366 3058 pro
386 2996 533 3049 oonsulibus
550 2996 582 3048 ad
596 2997 688 3049 Urbem
706 3003 785 3055 erant,
807 2996 937 3061 negotium
961 2995 1040 3056 dedit,

260 3068 287 3109 ut
305 3072 434 3126 curarent,
459 3067 570 3129 nequid
588 3080 630 3117 res
648 3065 750 3130 publice
768 3065 912 3116 detrimenti
930 3072 1040 3130 caperet,

259 3127 358 3192 Cicero,
382 3148 439 3183 oum
452 3134 553 3184 trustra
571 3136 657 3184 omnia
675 3144 743 3184 esset
764 3143 899 3199 expertus,
922 3149 989 3197 quae
1006 3135 1041 3184 ad

257 3202 418 3252 concordiam
434 3204 602 3267 pertinerent,
624 3210 761 3268 postquam
778 3200 886 3262 ansar,
909 3202 1040 3255 Rubicone

252 3306 469 3326 m.—

284 3364 304 3414 I)
319 3362 348 3403 ad
362 3362 423 3415 Fam.
439 3365 478 3410 tx.
494 3366 507 3406 2
521 3370 579 3409 extr.
621 3367 644 3418 0)
664 3367 711 3411 cir.
727 3368 756 3408 ad
771 3370 818 3412 stt.
833 3364 861 3410 V.
877 3367 899 3411 0.
915 3369 935 3410 I.
953 3368 985 3412 10.
1003 3368 1036 3411 lli.

253 3414 277 3468 0)
291 3415 320 3457 ad
334 3417 394 3462 Fam.
409 3417 458 3462 XV.
473 3420 494 3462 4.
523 3422 546 3472 I)
562 3418 619 3462 tota.
634 3419 692 3462 XVI.
709 3421 742 3465 II.

139 3481 233 3525 crosa.
249 3466 272 3526 1.
964 3492 980 3530 c
