2575 3892
108 193 148 257 12
453 191 508 249 ΑΙ)
532 188 563 249 C.
585 185 814 248 HERENNIUM

108 341 305 405 conferimus.
337 341 371 400 In
384 338 538 400 hominem
550 338 748 409 transfertur,
770 346 804 397 ut
816 335 843 396 si
855 346 1018 397 accusetur
1029 336 1074 414 is,
1097 339 1150 416 qui

104 428 137 487 P.
152 423 321 500 Sulpicium
338 440 373 484 se
393 424 522 484 fateatur
539 419 709 495 occidisse,
732 428 762 480 et
778 420 810 480 id
822 419 909 481 iussu
922 423 1084 483 consulum
1096 425 1148 484 de

106 510 212 572 fendat
234 515 264 567 et
281 523 337 568 eos
355 506 510 567 dieatnon
522 505 614 566 modo
627 503 815 580 imperasse,
840 505 897 565 sed
909 504 1059 567 rationem
1071 525 1147 581 quo-

107 608 168 668 que
183 589 375 662 ostendisse,
395 604 490 664 quare
502 587 533 648 id
546 590 647 648 facere
659 587 774 657 ficeret.
802 589 837 647 fn
848 603 913 647 rern
927 591 1097 664 confertur,
1114 600 1149 652 ut
1207 612 1225 630 ·

106 675 134 736 si
153 671 222 750 quis
261 673 304 731 ex'
318 680 500 736 testamento
519 672 604 747 quod
623 672 724 730 facere
736 670 841 732 iussus
854 670 909 745 sit,
932 688 973 732 ex
983 671 1146 747 plebiscito

104 766 234 820 vetetur.
264 757 311 816 Ex
330 754 569 835 comparatione
577 770 673 814 eausa
684 762 820 827 constat,
844 771 938 828 quum
951 755 1082 816 dicimus
1094 773 1147 816 ne·

89 848 91 852 ’
105 858 196 903 cesse
207 839 305 920 fuisse
317 837 494 900 alterutrum
507 839 623 912 facere,
646 845 678 896 et
689 836 736 912 id,
760 838 845 913 quod
858 837 1036 911 fecerimus,
1050 840 1148 901 satius

104 925 203 985 fuisse
215 925 325 984 facere.
358 922 404 983 Ea
415 937 511 982 causa
521 920 698 984 huiusmodi
710 929 772 981 est:
795 920 827 980 C.
850 922 1001 998 Popilius,
1020 938 1146 996 quuma

104 1007 199 1069 Gallis
224 1005 416 1068 obsideretur
438 1021 540 1080 neque
563 1003 700 1079 effugere
721 1005 784 1067 uffo
803 1005 896 1067 modo
915 1012 1039 1080 posset,
1060 1005 1147 1066 venit

105 1093 175 1153 cum
185 1089 320 1153 hostium
332 1087 463 1149 ducibus
474 1088 505 1148 in
524 1086 776 1158 collocutionem,
799 1086 842 1148 ita
859 1087 1021 1162 discessit,
1043 1097 1096 1163 ut,
1119 1088 1147 1148 si

102 1173 322 1249 impedimenta
343 1173 544 1249 relinqueret,
568 1171 736 1233 exercitum
758 1171 914 1231 educeret.
947 1170 1050 1232 Satius
1072 1187 1145 1232 esse

104 1257 192 1319 duxit
220 1254 357 1317 amittere
385 1256 604 1331 impedimenta
632 1272 724 1330 quarn
737 1254 936 1326 exercitum3
975 1254 1146 1316 exereitum

104 1338 219 1412 eduxit,
231 1337 448 1413 impedimenta
458 1337 960 1416 reliquitzarcessiturmaiestatis.
971 1339 1053 1399 XVI.
1061 1340 1145 1413 Quae

103 1422 339 1485 constitutiones
363 1430 393 1483 et
416 1438 495 1499 quae
518 1421 769 1485 constitutionum
790 1430 896 1500 partes
924 1421 986 1483 sint
1036 1422 1146 1482 videor

104 1506 291 1568 ostendisse.
312 1506 399 1568 Nune
412 1524 473 1582 quo
485 1507 578 1568 modo
591 1524 646 1568 eas
657 1515 688 1567 et
700 1524 761 1582 qua
772 1506 823 1566 via
833 1505 957 1567 tractari
979 1501 1146 1564 conveniat

104 1589 376 1653 demonstrandum
388 1600 451 1665 est,
477 1591 504 1651 si
515 1590 601 1665 prius
613 1590 825 1665 aperuerimus
867 1588 942 1664 quid
953 1596 1094 1664 oporteat
1104 1589 1144 1648 ab

102 1675 253 1736 ambobus
273 1672 303 1732 in
317 1690 412 1735 causa
423 1674 586 1748 destinari,
611 1692 673 1750 quo
685 1672 763 1735 ratio
776 1672 876 1735 omnis
888 1672 982 1735 totius
995 1670 1144 1733 orationis

103 1758 287 1817 conferatur.
584 1813 587 1814 γ

188 1837 239 1900 26.
267 1839 495 1901 Constitutione
513 1838 606 1915 igitur
627 1848 753 1913 reperta
770 1837 873 1899 statim
894 1838 1074 1916 quaerenda
1094 1853 1141 1895 ra·

105 1923 149 1984 tio
166 1932 223 1982 est.
251 1923 359 2000 totio„
366 1930 428 1992 est,
450 1938 530 1995 quae
550 1937 676 1980 eausam
700 1921 773 1979 facit
788 1928 819 1979 et
834 1919 971 1979 continet
984 1918 1141 1980 defensio·

105 2021 184 2077 nem,
201 2005 261 2064 hoc
276 2004 385 2073 modo,
404 2009 438 2062 ut
455 2002 587 2062 docendi
606 2016 702 2061 causa
716 2001 746 2060 in
761 2001 820 2060 hac
833 1999 1029 2075 potissimum
1045 2017 1143 2064 eausa

107 2087 330 2147 consistamus:
352 2084 484 2168 [Orestes
505 2083 670 2144 confitetur
688 2099 725 2144 se
745 2082 1059 2159 occidissematrem:
1081 2087 1142 2147 nisi

101 2169 236 2234 attulerit
246 2167 318 2232 facti
328 2168 494 2244 rationem,
513 2168 696 2244 perverterit
707 2169 929 2231 defensionem.
950 2171 1033 2247 Ergo
1045 2174 1145 2234 adfert

103 2272 179 2327 eam,
194 2270 273 2330 quae
284 2251 343 2313 nisi
355 2251 567 2326 intersederet,
580 2269 619 2313 ne
631 2268 728 2315 causa
739 2252 864 2327 quidem
875 2263 969 2317 esset.
991 2255 1144 2331 Illaenim,

100 2338 210 2415 inquit,
227 2346 345 2414 patrem
356 2352 458 2397 meum
470 2335 634 2399 occiderat.
653 2337 746 2412 Ergo,
757 2345 791 2398 ut
804 2338 935 2414 ostendi,
946 2337 1023 2400 ratio
1038 2355 1075 2399 ea
1086 2348 1145 2413 est,

102 2440 182 2499 quae
202 2421 337 2482 continet
355 2420 583 2494 defensionem,
605 2418 673 2481 sine
685 2436 747 2496 qua
758 2437 797 2481 ne
809 2438 907 2497 parva
919 2422 1044 2497 quidem
1055 2421 1142 2482 dubi-

100 2506 174 2566 tatio
193 2512 297 2579 potest
316 2502 465 2564 remorari
487 2502 722 2564 damnationem.
750 2506 878 2566 Inventa
899 2504 1019 2565 ratione
1041 2505 1142 2564 firma-

100 2596 234 2649 mentum
248 2586 458 2663 quaerendum
471 2595 527 2660 est,
545 2585 578 2647 id
592 2594 648 2662 est,
661 2587 746 2663 quod
757 2587 892 2649 eontinet
898 2586 1143 2661 accusationem,

102 2673 187 2747 quod
204 2671 341 2731 adferttu
358 2682 465 2732 contra
482 2670 631 2731 rationem
650 2669 856 2743 defensionis,
880 2669 920 2729 de
939 2686 1001 2745 qua
1012 2678 1084 2730 ante
1096 2671 1142 2731 di-

101 2767 183 2817 ctum
194 2762 252 2816 est.
273 2754 309 2814 ld
321 2752 523 2814 constituetur
533 2753 593 2816 hoe
605 2754 713 2815 modo:
727 2751 1142 2826 QuumususfueritOrestes

100 2840 233 2915 ratione,
250 2838 310 2900 hoc
323 2844 432 2914 pacto:
453 2838 522 2897 fure
535 2836 644 2910 occidi,
662 2836 714 2896 iffa
724 2835 806 2896 enirn
816 2844 935 2913 patrem
945 2850 1047 2896 meum
1060 2837 1138 2898 oeci-

100 2924 201 2986 derat=
224 2929 501 2983 uteturaceusator
513 2922 713 2993 firmamento,
730 2920 790 2981 hoc
802 2928 910 2996 paeto=
943 2923 982 2980 nt
1008 2936 1070 2981 non
1084 2920 1141 2981 abs

100 3014 130 3064 te
150 3002 251 3066 occidi
268 3021 371 3082 neque
388 3005 595 3066 indemnatam
612 3021 732 3079 poenas
750 3006 887 3079 pendere
910 3001 1053 3080 oportuit.
1092 3001 1142 3061 Ex

60 3144 63 3148 ,
98 3084 218 3147 ratione
248 3086 440 3149 defensionis
468 3098 499 3149 et
526 3098 567 3149 ex
592 3087 783 3152 firmamento
806 3086 1014 3150 accusationis
1035 3085 1142 3147 iudicii

101 3166 242 3242 quaestio
262 3178 407 3231 nascatur
425 3179 561 3246 oportet,
589 3187 682 3245 quam
699 3186 757 3231 nos
775 3169 1009 3245 iudicationem,
1031 3169 1141 3229 Graeci

99 3244 303 3327 κρινόμενον
320 3254 486 3327 appellant.
521 3254 568 3314 Ea
588 3252 791 3315 constituetur
809 3269 849 3314 ex
862 3254 1077 3314 coniunctione
1089 3253 1140 3311 fir-

99 3332 242 3392 mamenti
255 3343 285 3394 et
296 3334 424 3396 rationis
442 3337 843 3414 [defensionethoemodm
859 3338 958 3411 Quum
975 3336 1057 3397 dicat
1067 3336 1140 3396 Ore·

100 3421 171 3488 stes,
204 3429 239 3474 se
256 3416 353 3491 patris
365 3416 537 3479 ulciscendi
549 3435 644 3481 causa
654 3428 780 3480 matrem
793 3421 962 3495 occidisse,
984 3429 1140 3480 reettnnne
