2575 3892
131 221 164 276 sr
352 209 537 301 ‚umnam
559 211 641 272 eur.
657 219 741 273 e—s.
763 217 790 278 s.
805 219 924 274 19-25.
1040 207 1168 283 ⁴159

130 363 264 440 denique
279 361 384 424 officio
401 377 458 422 suo
473 359 677 436 antiquiorem
692 367 745 420 aut
759 360 941 437 suaviorem,
957 376 1019 422 non
1034 358 1095 419 hoe
1112 356 1169 420 erit

129 447 303 509 accusatori
317 446 502 521 negandum.
524 444 601 503 Nam
614 443 646 503 in
662 459 731 503 eum
747 444 838 520 culpa
852 450 882 503 et
897 459 1046 503 summum
1063 441 1168 505 odium

128 534 341 602 transferetur,
368 527 421 604 qui
436 528 483 601 iu,
506 528 591 603 quod
604 536 666 607 tam
679 542 754 585 vere
769 534 803 586 et
814 523 864 601 pie
879 524 1012 598 dicetur,
1033 525 1166 602 negabit.
1269 560 1270 565 κ

126 617 243 675 Vemm
257 613 333 674 illud
347 611 512 672 dicendum
526 610 592 683 erit,
607 609 650 669 illi
665 609 706 671 ita
720 626 781 670 non
797 624 869 669 csse
883 607 1000 679 visum;
1018 610 1102 683 quod
1115 626 1167 669 su-

126 697 169 757 mi
184 703 305 773 oportet
319 712 359 755 ex
372 694 427 767 iis,
452 711 530 770 quae
546 694 586 753 ad
599 710 765 769 personam
780 691 942 768 pertinent,
964 693 1003 752 dc
1020 707 1081 765 quo
1096 699 1169 765 pust
1269 758 1270 763 ἵ

128 780 292 841 dicendum
306 787 362 841 est.
384 779 451 838 Vll.
466 777 518 839 23.
533 779 670 839 Eventus
685 786 786 838 autem
800 784 864 836 tum
876 774 960 849 fallit,
977 790 1071 850 quum
1081 772 1169 833 aliter

126 862 254 939 accidit,
275 872 369 939 atque
384 860 415 935 ii,
437 862 490 938 qui
504 868 681 937 arguuntur,
704 859 840 921 arbitrati
855 875 928 921 esse
943 858 1100 918 dicuntur:
1125 861 1168 929 ut,

128 945 222 1022 siqui
238 945 357 1007 dicatur
371 945 464 1006 alium
479 944 644 1019 occidisse,
659 960 696 1005 ac
710 943 851 1018 volucrit
867 943 952 1019 quod
967 950 1019 1003 aut
1031 937 1167 1003 similitu·

127 1030 199 1091 dine
219 1038 272 1090 out
293 1028 472 1105 suspicione
493 1037 546 1089 aut
566 1027 827 1090 demonstratione
849 1029 927 1087 falsa
948 1027 1097 1100 deceptus
1113 1022 1168 1092 sit3

127 1123 265 1176 autenm
279 1128 427 1187 necasse,
444 1111 533 1175 cuius
547 1119 729 1173 testamento
746 1128 808 1173 non
823 1109 864 1174 sit
877 1111 985 1184 heres,
1001 1108 1086 1183 quod
1101 1105 1169 1166 cius

128 1204 309 1258 testamento
330 1213 366 1273 se
386 1195 531 1257 heredem
551 1195 714 1266 arbitratus
737 1195 785 1255 sit
815 1195 884 1255 Non
905 1191 986 1254 enim
1001 1209 1041 1252 ex
1056 1196 1169 1251 eventu

126 1278 343 1356 cogitationem
364 1277 497 1355 spectari
513 1288 673 1355 oportere,
698 1279 755 1345 sed
771 1295 832 1353 qua
847 1275 1031 1353 cogitatione
1048 1273 1168 1334 animus
1269 1278 1270 1305 ³

126 1372 156 1424 et
171 1380 228 1439 spe
243 1365 284 1423 ad
298 1363 483 1423 maleficium
497 1364 656 1438 profectus
672 1361 727 1434 sit,
755 1359 960 1431 considerari;
988 1376 1049 1435 quo
1064 1358 1168 1419 animo

128 1446 202 1520 quid
217 1446 351 1521 qusque
365 1445 472 1519 faciat,
492 1462 555 1517 non
571 1462 633 1520 quo
649 1460 726 1506 casu
738 1453 850 1517 utatur,
869 1445 910 1503 ad
923 1459 989 1502 rem
1004 1442 1168 1516 pertinere.
1203 1448 1207 1453 ’

127 1525 179 1587 al.
219 1531 289 1590 Hoc
306 1536 409 1590 autem
428 1531 499 1588 loco
522 1536 615 1602 eaput
628 1525 775 1607 illuderit
789 1525 973 1596 accusatori,
998 1524 1026 1583 si
1041 1525 1166 1583 demon-

130 1619 227 1670 strare
249 1608 362 1685 poterit
382 1608 434 1668 alii
457 1607 570 1669 nemini
585 1625 711 1669 causam
727 1607 824 1668 fuisse
839 1605 989 1677 faciendi3
1017 1607 1168 1669 secunda-

126 1691 222 1768 rium,
249 1692 276 1753 si
297 1700 411 1753 tantam
431 1700 484 1752 aut
503 1700 565 1752 tam
585 1691 729 1751 idoneam
750 1690 875 1751 nemini.
911 1691 966 1753 Sin
987 1688 1084 1751 luisse
1099 1688 1168 1749 aliis

129 1792 255 1853 quoque
276 1792 372 1837 causa
386 1774 519 1837 faciendi
532 1773 701 1849 videbitur,
726 1782 779 1834 out
793 1782 932 1850 potestas
945 1772 1085 1835 defuisse
1100 1771 1168 1832 aliis

127 1859 367 1923 demonstranda
381 1866 431 1920 est
444 1867 496 1919 aut
511 1858 639 1918 facultas
654 1865 707 1918 aut
720 1858 874 1918 voluntas.
905 1857 1055 1930 Potestas,
1076 1855 1103 1915 si
1117 1862 1170 1915 aut

126 1941 269 2005 nescisse
283 1950 336 2003 aut
350 1959 412 2003 non
427 1940 567 2003 adfuisse
581 1949 634 2002 aut
649 1942 803 2002 conficere
818 1939 935 2016 aliquid
949 1937 1011 2003 non
1026 1939 1168 2015 potuisse

127 2026 276 2088 dicentur.
287 2025 440 2100 Facultas‚
457 2024 484 2086 si
497 2023 586 2099 ratio,
601 2023 768 2099 adiutores,
785 2025 960 2086 adiumenta
974 2032 1168 2098 caeteraque,

128 2127 208 2185 quae
229 2111 270 2170 ad
289 2125 355 2170 rem
369 2107 580 2185 pertinebunt,
607 2108 747 2171 defuisse
761 2108 853 2169 alicui
868 2108 1167 2169 demonstrabuntur.

126 2194 294 2266 Voluntas,
322 2191 349 2254 si
370 2190 489 2253 enimus
510 2208 530 2252 a
548 2190 662 2252 talibus
683 2191 771 2254 factis
786 2207 904 2252 vacuus
918 2199 951 2252 et
964 2190 1082 2267 integer
1097 2204 1169 2251 esse
1269 2188 1270 2227 ἲ

127 2274 256 2337 dicetur.
289 2276 464 2348 Postremo,
488 2292 568 2351 quas
581 2277 623 2336 ad
637 2274 850 2337 defensionem
862 2273 998 2336 rationes
1013 2291 1067 2335 reo
1084 2271 1167 2333 dabi

125 2377 210 2434 mus,
240 2359 464 2435 iisaccusator
484 2359 525 2419 ad
545 2357 624 2420 alios
645 2374 686 2419 ex
708 2359 799 2434 culpa
820 2357 1002 2421 eximendos
1017 2358 1168 2417 abutetur.

125 2445 241 2504 Verum
261 2440 294 2502 id
307 2442 394 2503 brevi
409 2442 584 2504 faciendum
598 2436 647 2504 est
660 2451 691 2504 et
704 2442 735 2503 in
748 2444 847 2503 unum
857 2442 952 2503 multo
965 2448 1038 2511 sunt
1052 2439 1169 2501 condu·
1269 2450 1270 2511 j

125 2529 254 2601 cenda²<
264 2534 298 2588 ut
318 2543 357 2586 ne
371 2524 497 2587 alterius
513 2525 701 2587 defendendi
716 2542 811 2586 causa
824 2526 906 2587 hunc
921 2541 1084 2597 accusare,
1112 2523 1170 2584 sed
1269 2568 1270 2573 η

125 2609 216 2683 huius
230 2608 399 2671 accusandi
415 2626 510 2671 causa
523 2607 692 2670 defendere
706 2610 835 2673 alterum
849 2608 998 2670 videatur.
1019 2609 1101 2669 vill:
1117 2605 1168 2666 25.

126 2694 229 2766 Atque
249 2692 423 2755 accusatori
445 2693 570 2769 quidem
589 2693 667 2754 haec
688 2694 753 2754 lere
773 2701 844 2753 sunt
865 2692 896 2750 in
918 2708 1014 2751 causa
1035 2687 1169 2750 faciendi

127 2774 363 2837 consideranda.
395 2776 549 2837 Defensor
571 2784 673 2836 autem
689 2792 728 2836 ex
743 2773 896 2839 contrario
912 2774 1043 2850 primum
1058 2772 1169 2846 impul·
1269 2830 1270 2853 3

127 2858 248 2920 sionem
261 2865 313 2918 aut
326 2860 442 2919 nullam
456 2858 554 2920 fuisse
569 2858 650 2920 dicet
664 2866 725 2932 aut,
746 2856 773 2920 si
788 2859 887 2919 luisse
902 2855 1062 2935 concedet,
1084 2862 1168 2914 exte·
1221 2931 1223 2934 y

65 2980 67 2983 ,
126 2941 233 3002 nuabit
247 2950 277 3002 et
290 2943 451 3020 parvulam
467 2942 621 3018 quandam
635 2941 733 3003 fuisse
747 2938 969 3004 demonstrabit
983 2945 1036 3000 aut
1050 2955 1114 3000 non
1128 2953 1169 2998 ex

126 3043 164 3088 ca
184 3026 286 3099 solere
306 3025 484 3088 huiusmodi
506 3028 585 3086 fecta
604 3026 691 3087 nasci
711 3026 844 3090 docebit.
880 3024 946 3100 Quo
968 3023 1026 3084 erit
1044 3021 1076 3083 in
1097 3024 1167 3083 loeo

127 3112 409 3186 demonstrandum,
432 3108 576 3187 quaevis
591 3119 621 3172 et
634 3117 744 3172 natura
759 3109 799 3172 sit
812 3109 881 3187 eius
895 3107 1090 3183 adlectionis,
1107 3123 1169 3182 qua
1269 3106 1270 3109 ’

125 3194 278 3270 impulsus
293 3194 410 3271 aliquid
424 3212 497 3257 reus
512 3192 705 3256 commisisse
717 3192 850 3265 dicetur3
866 3190 898 3253 iu
910 3209 972 3267 quo
984 3199 1015 3254 et
1025 3193 1170 3267 exempla
1269 3262 1270 3265 Ἴ

126 3288 156 3340 et
177 3277 391 3341 similitudines
414 3288 503 3341 erunt
522 3278 728 3356 proferendae
749 3285 780 3338 et
799 3277 870 3352 ipsa
883 3275 1045 3352 diligenter
1059 3284 1169 3335 natura

126 3361 194 3423 eius
209 3363 393 3425 adfectionis
409 3380 502 3440 quam
516 3360 674 3424 levissime
690 3358 911 3436 quietissimam
925 3360 966 3419 ad
979 3367 1098 3433 partem
1112 3366 1166 3413 ex·

126 3444 278 3521 plicando,
294 3454 328 3509 ut
342 3456 373 3509 et
386 3464 438 3508 res
452 3447 522 3521 ipsa
535 3462 554 3537 a
569 3446 651 3505 facto
667 3443 784 3505 crudeli
798 3450 829 3503 et
839 3443 1012 3503 turbulento
1025 3436 1066 3496 ad
1078 3431 1166 3507 quid-
