2575 3892
322 190 512 243 PROOEMIUM
529 191 690 242 normanis
708 160 889 243 saansaan.
1024 234 1027 239 .
1075 212 1132 259 m

83 360 197 409 istimari
206 356 291 420 velim,
302 357 375 420 quasi
385 371 431 420 ego
444 357 470 404 in
482 354 522 406 his
535 357 604 407 libris
616 358 781 408 emendandis
793 366 817 407 et
829 359 984 422 corrigendis
997 360 1068 424 nihil,
1081 364 1132 413 nisi

84 426 158 489 qnod
168 431 238 473 certa
247 423 367 473 librorum
378 424 526 472 auctoritate
535 423 708 472 confirmatum
718 425 760 487 sit,
772 425 944 489 recipiendum
952 434 1048 491 putem.
1068 429 1132 479 Nam

86 507 137 556 ego
151 505 252 554 quoque
265 490 378 539 codicem
389 489 462 538 ilium
474 489 656 555 archetypum,
669 504 719 552 quo
731 490 767 541 illi
779 491 837 539 libri
848 493 880 541 ad
892 506 938 542 uos
951 505 1131 558 pervenerunt,

85 559 175 608 multis
193 557 276 607 modis
289 561 435 621 corruptam
448 555 528 606 fuisse
540 569 647 621 censeo,
665 570 819 620 quamquam
834 558 962 618 aliquanto
981 563 1079 612 cautius
1090 578 1132 613 rea

86 624 152 673 mihi
164 624 263 689 agenda
275 624 389 686 videtur,
402 637 478 686 quam
490 623 585 688 placuit
595 624 662 673 olda.
683 622 736 673 Sed
745 623 776 671 de
786 636 815 671 ea
826 637 904 672 cansa
915 640 994 689 penes
1003 627 1067 677 alios
1078 637 1131 679 esto

87 691 220 753 iudicium,
234 692 257 739 si
275 691 318 751 qui
329 691 421 754 integri
432 704 479 740 nec
490 690 668 755 praeiudicatis
680 689 843 754 opinionibus
856 690 932 750 ducti,
945 692 1007 752 quid
1023 707 1070 757 ego
1083 694 1133 743 iam

87 761 116 808 in
133 757 173 806 his
185 757 256 807 libris
270 757 483 822 recognoscendis
494 757 675 822 praestiterim,
693 757 820 819 inquirere
831 757 930 818 volent,
943 756 1058 808 hocloco
1070 760 1134 809 illud

88 838 171 874 unum
183 837 379 874 commemorare
390 823 474 887 volui,
491 838 532 873 mc
543 825 630 890 ipsum
642 836 744 887 quoqne
755 823 907 873 coniecturis
925 831 979 873 tum
991 837 1043 872 uon
1055 826 1133 875 absti-

89 892 191 952 nuisse,
210 890 255 939 nbi
273 892 334 940 satis
351 897 405 939 tuto
418 891 455 941 eis
467 891 505 940 nti
516 904 594 955 posse
610 890 762 941 videremur.
790 890 853 940 Eius
864 890 902 940 rei
913 890 1046 941 testandae
1058 905 1135 943 causa

76 958 141 1007 ,iam
153 956 196 1006 hic
208 957 332 1020 quosdam
345 958 399 1006 eins
411 956 480 1006 modi
496 957 565 1006 locos
581 970 691 1022 ponam,
708 957 735 1006 in
751 957 844 1020 quibus
856 957 977 1007 audacior
993 959 1134 1023 scripturae

88 1024 197 1072 mutatio
208 1022 270 1072 mihi
283 1037 382 1087 quoqne
394 1025 539 1074 necessaria
552 1038 610 1073 esse
620 1025 678 1073 visa
689 1031 735 1074 est.
765 1025 803 1072 Ac
814 1024 925 1088 primum
942 1024 1045 1086 qnidam
1056 1025 1099 1077 lib.
1112 1026 1132 1074 I.

90 1104 112 1138 c.
128 1092 172 1139 11.
189 1089 212 1150 8.
227 1091 258 1139 17
276 1090 308 1138 de
324 1091 468 1140 coniectura
484 1105 542 1140 mea
562 1090 613 1138 iam
636 1091 765 1155 superiore
781 1099 895 1155 tempore
909 1092 1053 1155 proposita,
1075 1092 1134 1141 vida

88 1157 252 1221 prooemium
262 1156 379 1209 editionis
391 1157 483 1222 prioris
495 1158 581 1222 p.1V.‚
593 1158 684 1221 scripsi
694 1159 829 1209 nectendum
836 1159 1008 1208 novationem
1019 1172 1066 1222 pro
1077 1158 1133 1207 vui-

90 1230 150 1287 gato
161 1229 290 1288 perorata
301 1226 450 1274 narratione
462 1231 487 1273 et
496 1225 538 1277 lib.
551 1225 583 1273 ΙΙ.
597 1239 618 1274 c.
627 1225 651 1273 6.
665 1223 690 1285 S.
700 1226 725 1274 9.
743 1224 775 1273 de
789 1222 816 1273 0.
828 1223 858 1274 L.
871 1224 976 1289 Kayseri
988 1225 1135 1288 suspicione

93 1290 210 1338 eiusdem
222 1291 366 1354 compendii
379 1291 528 1341 confusione
544 1291 613 1340 idem
630 1289 736 1340 verbam
748 1290 918 1340 oblitteratum
936 1305 994 1341 esse
1007 1293 1083 1340 statui
1095 1300 1133 1339 ate

92 1369 142 1416 que
160 1355 239 1406 edidi:
264 1355 359 1407 Contra
376 1364 454 1409 testea
469 1359 604 1408 secundnm
618 1359 686 1408 vitae
703 1359 916 1418 consuetudinem,
940 1348 1135 1408 ratimcraorari

90 1425 286 1473 incunctantiarn
298 1432 345 1474 etc.
358 1423 401 1477 lib.
416 1426 437 1474 1.
449 1425 525 1491 0:12·
538 1425 564 1486 8.
577 1425 611 1474 20
622 1425 729 1488 scripsi:
746 1425 811 1475 Post
821 1431 925 1475 mortem
937 1426 991 1474 ciac
1002 1438 1065 1474 oasa
1073 1439 1136 1486 pre·

93 1490 161 1539 tinea
173 1495 199 1540 et
210 1491 311 1538 caelata
321 1492 450 1554 mapniflre
458 1493 526 1554 petit
537 1497 626 1541 mater.
650 1491 731 1541 Filias
742 1505 778 1551 ae,
792 1506 858 1556 qaae
868 1493 925 1555 ipae
936 1492 1003 1548 aelii,
1015 1492 1042 1539 in
1054 1490 1137 1538 XXX

88 1557 180 1618 pondo
192 1557 217 1605 ei
229 1555 322 1605 debere
334 1557 409 1617 dicit,
427 1571 474 1621 pro
487 1571 531 1621 eo,
548 1558 616 1619 quod
628 1557 687 1605 olim
704 1556 831 1606 edideram
847 1559 914 1620 petit
924 1558 1020 1607 mulier.
1040 1555 1136 1607 Pullius

91 1629 141 1671 etc.
155 1621 211 1671 coil.
224 1621 269 1671 lib.
283 1623 315 1671 de
326 1623 468 1673 inventione
480 1623 512 1671 ΙΙ.
525 1624 595 1673 c.40.
609 1623 633 1682 8.
641 1624 699 1671 116.
720 1623 775 1673 Lib.
785 1631 869 1672 antem
881 1624 924 1688 ΙΙΙ.
937 1637 958 1671 c.
971 1622 1013 1677 25,
1027 1621 1092 1682 §.35
1103 1622 1136 1670 de

90 1687 186 1736 Halmii
205 1687 349 1734 coniectura
365 1688 471 1749 scripsi:
493 1694 521 1735 at
537 1689 660 1748 imapinea
673 1690 769 1747 partim
778 1691 868 1747 firnrae
879 1695 905 1736 et
916 1702 990 1736 ocrea
1002 1693 1028 1734 et
1039 1688 1075 1734 ad
1085 1702 1136 1735 rno-

90 1753 203 1802 nendum
220 1751 328 1798 idoneae
345 1753 396 1798 sint
414 1758 474 1810 etc,
498 1750 567 1811 quod
586 1763 616 1797 ea
633 1751 757 1812 scriptura
773 1750 874 1811 egregie
897 1750 1060 1798 confirmator
1081 1750 1137 1799 loco

92 1813 313 1876 Quinctiliani
332 1814 376 1865 lib.
389 1813 434 1862 XI.
447 1828 469 1862 c.
482 1815 506 1863 2.
518 1812 543 1878 8.
556 1814 597 1861 22.
619 1813 695 1862 Libro
707 1827 766 1862 vero
778 1814 822 1862 IV.
835 1829 857 1862 c.
866 1814 905 1863 18.
917 1814 942 1874 8.
955 1815 989 1863 25
1000 1814 1026 1862 in
1039 1816 1136 1863 verbis:

92 1885 175 1934 bacae
188 1894 283 1931 aereae
295 1882 481 1931 amoenrccnnae
493 1879 682 1944 inpendebant,
696 1893 761 1941 qnae
773 1893 833 1930 rere
845 1894 902 1928 esse
914 1894 964 1929 non
976 1888 1093 1945 possunt,
1107 1882 1138 1931 de

92 1949 189 2000 Halmii
209 1947 353 1996 coniectura
369 1948 459 1996 aeriae
476 1955 501 1995 ct
517 1947 622 1996 demea
644 1947 815 1996 amoenmsime
831 1948 942 2011 reposui.
972 1948 1036 1997 Tum
1055 1963 1076 1999 c.
1096 1949 1136 1998 18.

94 2020 117 2080 ς.
132 2015 166 2065 aa
178 2015 211 2065 de
224 2013 367 2064 coniectura
379 2026 436 2062 mea
448 2013 529 2063 edidi:
546 2012 612 2065 Nam
626 2028 698 2078 qoem
713 2014 740 2063 in
751 2015 862 2063 anneitia
870 2015 1034 2077 perfidiosam
1045 2029 1137 2078 capno·

94 2084 171 2148 ueris,
189 2096 244 2131 carn
255 2096 306 2146 qua
317 2097 346 2130 re
356 2086 433 2145 pater
442 2081 586 2131 ininicitiaa
597 2096 651 2130 cunr
660 2081 712 2142 fide
723 2081 890 2144 deposuisse?
905 2081 997 2143 quibus
1013 2081 1040 2129 iu
1052 2083 1137 2131 verbis

96 2148 165 2212 qnod
176 2148 269 2213 scripsi
281 2148 441 2212 deposuisse,
458 2160 487 2196 eo
501 2156 525 2196 et
536 2147 657 2197 librorum
669 2149 809 2199 auctoritati
828 2157 853 2196 et
868 2147 919 2211 ipsi
936 2147 986 2196 loci
998 2149 1137 2198 sentcntiae

98 2217 160 2266 satis
171 2214 227 2264 fleri
239 2215 358 2274 arbitror,
376 2213 462 2279 paullo
478 2228 536 2265 vero
548 2222 607 2278 post
624 2228 647 2264 c.
662 2215 701 2263 19.
721 2211 744 2274 §.
756 2215 790 2263 26
806 2227 852 2280 pro
863 2215 928 2274 acic,
948 2215 1054 2277 quadiu
1066 2215 1137 2266 libris

98 2289 146 2345 est,
158 2282 251 2346 scripsi
262 2283 286 2331 ei
295 2287 346 2343 ota,
364 2280 433 2343 qnod
444 2295 521 2342 qnam
532 2280 607 2330 facile
618 2279 660 2329 hic
673 2280 810 2329 oblitterari
822 2282 931 2345 potuerit
943 2289 1056 2345 apparet.
1082 2282 1135 2329 Au·
1160 2275 1165 2283 '

101 2348 184 2399 dacior
198 2350 273 2397 ctiam
286 2343 323 2397 ¹ini
335 2363 356 2402 c.
368 2350 409 2400 31.
423 2343 447 2412 8.
460 2348 502 2397 42.
515 2348 542 2396 in
554 2347 711 2411 corrigendis
723 2347 821 2397 verbis:
839 2347 977 2410 Poctqaam
988 2349 1035 2395 iste
1047 2349 1073 2396 in
1085 2363 1137 2397 rem

95 2415 221 2480 publicam
232 2415 297 2478 fecit
307 2416 436 2479 impetam,
451 2414 546 2479 srapor
561 2415 672 2464 civitatis
687 2415 803 2477 inprimis
820 2418 859 2462 est
870 2415 983 2471 auditas,
1002 2414 1093 2473 quibus
1110 2414 1137 2463 in

99 2481 184 2532 verbis
196 2496 242 2546 pro
253 2484 376 2546 inprimis,
389 2480 458 2544 quod
470 2490 556 2546 aperte
566 2479 659 2531 falsum
671 2489 718 2539 est,
727 2480 830 2546 reposui
841 2481 947 2540 ruentis,
961 2479 1028 2540 quod
1041 2494 1070 2528 eo
1081 2480 1136 2529 loco

100 2548 209 2597 maxime
225 2563 241 2597 a
257 2549 384 2599 sententia
400 2548 494 2608 requiri
509 2545 571 2597 mihi
587 2548 729 2598 videbatur.
758 2546 786 2599 (l.
805 2547 847 2596 34.
864 2549 887 2610 ς,
904 2547 946 2598 45.
962 2547 1014 2595 iam
1032 2547 1063 2595 dc
1075 2560 1137 2595 con-

101 2615 194 2665 iectura
206 2629 271 2679 mea,
285 2629 359 2676 qnam
366 2614 393 2664 (i.
400 2613 429 2666 L.
436 2615 563 2678 [leyserus
572 2616 695 2679 probavit,
705 2614 790 2679 recepi
801 2616 827 2664 in
839 2615 914 2664 rebec
924 2628 974 2664 non
984 2612 1138 2677 difficillimis

100 2694 147 2745 pro
159 2680 260 2744 vulgato
272 2683 299 2730 in
309 2682 385 2732 redae
398 2681 558 2744 difficillimis.

167 2746 263 2796 Eodem
273 2747 327 2796 fere
340 2748 415 2797 modo
431 2746 505 2796 etiam
518 2748 545 2797 in
555 2748 720 2797 emendandis
732 2747 801 2799 libris
817 2748 869 2806 iis,v
880 2747 923 2806 qui
935 2754 994 2796 snut
1010 2746 1042 2795 de
1053 2746 1138 2793 inven-

103 2815 172 2863 tione
181 2811 302 2876 inscn'pti‚
315 2826 466 2876 quamquam
475 2816 502 2862 in
513 2816 550 2865 eis
559 2816 623 2879 ipsis
635 2826 687 2863 tam
697 2829 774 2878 saepe
785 2820 881 2862 mutata
893 2812 1017 2874 scriptura
1028 2822 1079 2856 non
1090 2816 1137 2871 est,

103 2893 156 2927 reru
174 2875 235 2925 mihi
252 2880 374 2943 agendam
387 2895 444 2929 esse
455 2882 558 2945 putavi,
575 2883 674 2942 itaque,
690 2894 766 2943 quom
782 2881 809 2926 iu
820 2878 948 2941 plerisque
959 2875 1036 2936 locis,
1054 2875 1139 2935 quoad

31 2960 33 2971 ²
106 2947 160 2995 eius
172 2943 226 2993 fleri
238 2952 345 3009 poterat,
358 2946 390 2995 ad
400 2948 550 3011 optimorum
560 2946 681 2995 librorum
690 2945 864 2993 auctoritatem
873 2956 914 2988 me
925 2940 1089 3004 applicarem,
1102 2948 1138 2989 ta·

32 3054 35 3071 ,
105 3025 161 3061 men
172 3011 214 3071 ibi,
229 3012 272 3061 ubi
284 3012 378 3078 idipso
389 3026 429 3062 res
442 3028 472 3062 ac
481 3013 544 3062 ratio
555 3009 683 3072 requirere
691 3010 834 3071 videbatur,
845 3008 969 3070 quaedam
978 3008 1053 3055 etiam
1062 3007 1138 3056 anda-

106 3080 158 3127 cius
170 3079 290 3128 mutanda
303 3094 360 3129 esse
375 3081 527 3128 existimavi.
548 3081 586 3128 Ac
597 3079 708 3142 primum
721 3076 822 3137 quidem
835 3074 876 3124 lib.
890 3076 910 3124 1.
923 3090 945 3127 c.
955 3075 997 3122 21.
1014 3071 1039 3137 8.
1053 3076 1093 3123 30.
1111 3074 1139 3121 iu

53 3183 58 3193 .
106 3145 199 3193 verbis:
211 3147 349 3203 contraria,
360 3147 704 3210 qaaepraetert'ripoterant‚
710 3143 907 3207 praetereundo,
917 3142 1138 3206 praetimerent,

51 3202 58 3263 .Ι
108 3213 192 3261 leuiter
200 3214 345 3277 attingendo
355 3222 402 3262 etc.
412 3213 490 3261 verba
500 3227 564 3277 qaae
575 3213 642 3261 illias
652 3218 734 3272 errent,
748 3224 811 3272 quae
825 3220 884 3258 sunt
896 3211 921 3255 iu
933 3207 1049 3272 piurimis
1057 3205 1138 3268 libris,

108 3292 165 3326 vera
177 3293 234 3328 esse
246 3292 298 3328 non
309 3288 426 3345 possunt.
449 3278 556 3343 Scripsit
566 3279 644 3341 igitur
655 3290 736 3339 nuper
747 3278 873 3338 Kayserus
886 3290 950 3338 qaae
963 3274 1071 3322 dicenda
1081 3277 1143 3332 cant

109 3346 139 3394 ei
151 3347 242 3409 vpaucis
255 3347 404 3408 quibusdam
421 3345 508 3402 iibris;
525 3343 572 3407 'ego
589 3344 692 3405 reposui
708 3357 774 3405 qaae
785 3343 892 3389 illustria
905 3346 990 3399 emant,
1005 3352 1094 3399 nempe
1111 3342 1139 3412 nt

108 3413 235 3476 praeteriri
251 3413 327 3476 plane
344 3427 395 3462 non
412 3411 519 3475 possint,
531 3411 620 3459 leviter
632 3410 787 3471 attinpendo.
812 3408 839 3458 C.
851 3408 893 3455 44.
910 3408 935 3467 8.
948 3407 989 3454 82.
1007 3403 1097 3465 legitur
1112 3413 1139 3445 nn
