2575 3892
104 219 163 263 v111
443 198 635 251 PROOEMIUM
653 199 811 254 ElllTORlS.

103 363 336 406 -eonsunumatun
355 350 534 403 Coniunctivus
550 368 603 402 ram
621 354 654 402 ad
672 352 772 415 dicendi
789 356 968 420 cogitationem
979 365 1090 416 vocaret,
1109 358 1146 406 in-

105 426 229 475 dicativus
246 436 365 474 scaenam
381 428 479 470 tantum
496 421 572 471 modo
591 421 669 479 illam,
689 436 755 483 quae
775 423 867 473 dicitnr
885 424 966 475 fnisse
981 427 1051 490 apud
1066 427 1146 475 Pacu-

103 494 183 552 vium,
201 493 275 544 nobis
291 497 472 556 repraesentat.
495 489 559 539 Tum
577 486 688 540 extremi
704 490 793 541 eidem
805 494 830 552 S.
843 486 958 543 dubitavi
975 495 1064 544 rerba:
1082 502 1108 544 et
1121 497 1148 543 in

105 562 239 615 burusmcdi
260 556 456 623 deprehensione
472 558 626 610 ostendemus
644 558 764 608 inducere
782 560 814 610 ob
833 575 889 610 eam
909 577 977 620 rem,
995 558 1147 627 quod'opti·

102 642 202 680 morum
218 631 340 681 librorum
357 628 451 678 indicia
468 629 533 677 inter
548 643 576 676 se
593 636 709 691 pugnant
720 636 745 676 et
762 628 838 678 facile
849 633 879 679 >si
896 631 992 680 librarii
1009 632 1096 680 oculus
1115 632 1147 680 ab

12 742 25 758 ,
103 706 216 749 extrema
240 699 337 764 syllaba
359 697 430 748 verbi
452 696 662 757 deprehendemus
684 696 720 745 ad
736 698 888 748 vocabulum
905 701 1060 750 menedemus
1076 701 1148 749 aber-

55 770 56 773 ’
91 765 176 828 'ravit
196 769 277 819 omitti
294 774 419 833 poterant.
437 766 462 825 §.
480 761 523 815 44.
545 763 617 835 edidi·
632 765 784 828 optimorum
802 775 827 815 et
842 767 1008 831 plurimorum
1025 768 1147 817 librorum

104 838 253 888 auctoritate
270 845 295 886 et
311 835 418 885 iudicio:
437 831 564 881 Mortuum
575 833 747 896 deformatum,
763 841 857 884 tunrore
868 836 1021 897 praedicar,
1039 849 1149 897 corpore

103 907 271 957 decoloratum
286 909 384 954 constal
399 902 489 965 fuisse,
506 909 604 951 constat
620 916 682 965 erpo
697 918 790 953 verreria
806 911 926 955 necatum.
946 904 978 952 Et
989 918 1078 953 vocem
1089 919 1145 953 cor.

101 989 166 1036 pore
180 982 239 1024 ante
252 973 419 1022 demloratun
430 969 474 1035 qui
486 970 631 1029 omiserunt,
651 985 741 1036 pamm
752 986 878 1022 memores
896 973 941 1024 lib.
952 973 984 1025 Il.
998 987 1020 1023 c.
1032 972 1057 1022 5.
1070 974 1096 1033 S.
1108 969 1145 1031 8.,

102 1044 122 1091 ii
140 1043 257 1094 ridentur
274 1054 325 1090 nou
342 1038 488 1090 meminisse
506 1037 532 1092 h.
544 1038 562 1090 l.
580 1053 673 1103 corpus
691 1053 742 1089 non
759 1041 793 1090 ad
809 1054 883 1090 omne
900 1055 991 1104 corpus
1008 1039 1146 1090 humanum

101 1113 237 1176 pertinere,
256 1112 303 1161 sed
320 1109 478 1166 adsumam,
498 1121 548 1169 qua
565 1122 624 1156 ossa
640 1109 734 1157 vestita
751 1118 818 1169 sunt,
836 1125 862 1160 r.
882 1109 933 1160 Cic.
953 1110 984 1159 de
1002 1117 1055 1161 nat.
1074 1111 1147 1161 deor.

101 1179 134 1238 ΙΙ,
154 1177 196 1237 15,
215 1175 275 1233 139.
295 1176 385 1228 deinde
402 1189 479 1238 quum
493 1175 524 1231 in
538 1175 595 1225 allis
609 1176 679 1225 libris
701 1184 799 1226 constat
816 1178 899 1241 fnisse
916 1179 1038 1242 scriptum
1054 1179 1101 1235 sit,
1120 1179 1147 1227 in

102 1248 160 1296 aliis
176 1248 257 1312 fuisse
274 1251 379 1308 maslai,
398 1252 453 1293 tum
470 1244 496 1292 in
515 1244 600 1293 multis
618 1244 690 1294 libris
706 1253 818 1295 necatum
833 1261 879 1310 pro
892 1255 995 1296 neamus
1005 1253 1052 1306 eal,
1072 1246 1147 1295 facile

102 1317 247 1367 coniectura
264 1315 350 1379 adid,
368 1313 438 1376 quod
455 1315 566 1376 reposui,
585 1313 709 1365 ducimur.
735 1329 757 1363 c.
774 1311 818 1365 28.
836 1316 860 1376 §.
877 1312 922 1366 45.
941 1315 1031 1378 optimi
1048 1322 1073 1363 et
1090 1315 1147 1378 pln-

101 1386 160 1434 rimi
178 1385 235 1434 libri
251 1383 357 1433 hubent:
374 1397 408 1431 an
424 1394 474 1430 non
494 1384 620 1444 accipere,
638 1396 685 1446 pro
705 1398 743 1447 eo,
760 1383 830 1446 quod
841 1382 917 1449 volgo
930 1383 1020 1443 editur,
1041 1399 1075 1432 an
1087 1398 1144 1444 non,

102 1454 172 1516 quod
188 1459 290 1518 propter
304 1453 388 1516 ipsam
404 1451 526 1500 librorum
544 1451 719 1500 auctoritatem
738 1453 909 1516 spernendum
922 1452 1044 1504 nonfuit.
1065 1468 1088 1501 o.
1102 1447 1143 1501 29.

100 1523 127 1584 §.
143 1519 187 1573 46.
207 1520 308 1585 scripsi:
333 1521 397 1584 puae
410 1520 539 1581 pertinent
556 1520 592 1569 ad
614 1520 789 1583 eaonpendmn
806 1528 833 1570 et
844 1522 1085 1582 milonrpletandan
1101 1536 1147 1568 ar·

99 1591 305 1655 annuntiationem
327 1604 361 1638 ex
385 1589 486 1652 optimis
499 1588 593 1647 libris,
618 1602 726 1650 quorum
748 1590 873 1653 scriptura
893 1590 969 1638 eliam
988 1590 1145 1647 minuatur,
1180 1598 1182 1601 ’
1275 1592 1276 1633 1

102 1659 171 1722 quod
190 1659 265 1706 etiam
282 1657 345 1706 alius
370 1657 441 1706 istud
456 1657 561 1707 verbum
577 1657 743 1707 sineidonea
761 1672 838 1707 causa
854 1659 879 1707 in
901 1658 1083 1708 dubitationem
1101 1657 1146 1706 ad-

102 1728 205 1777 ductinu
229 1734 283 1785 est,
307 1733 336 1774 nt
357 1725 402 1777 lib.
424 1727 468 1778 IV.
481 1741 511 1777 c.
521 1723 571 1793 χ13.
590 1727 614 1786 S.
637 1723 681 1778 19.
703 1725 748 1778 lib.
765 1728 810 1779 IV.
829 1742 851 1778 c.
869 1723 913 1778 Ἃ.
932 1729 957 1788 §-
975 1724 1020 1777 34.
1054 1727 1147 1776 Postea

102 1796 214 1844 omnium
238 1808 321 1858 pasus
343 1793 464 1846 librorum
487 1792 654 1860 scripturam:
677 1803 722 1844 ant
743 1795 793 1845 sibi
809 1797 860 1858 ipsi
880 1795 963 1854 obest,
985 1797 1029 1860 qni
1050 1795 1146 1858 adseri,

101 1872 169 1913 recte
185 1864 235 1912 iam
254 1861 443 1915 Lindemannus
462 1863 619 1914 defenderat.
649 1863 708 1911 Mox
725 1872 811 1912 contra
826 1871 920 1912 tantm
936 1865 963 1913 in
980 1863 1051 1912 libris
1069 1863 1146 1912 omis·
1189 1892 1194 1893 ν
1232 1868 1245 1901 t
1275 1864 1276 1867 ’

101 1947 159 1981 sum
178 1931 313 1981 delendum
331 1931 388 1989 fuit,
407 1947 459 1994 quo
474 1931 548 1981 focile
566 1944 691 1988 caremus,
708 1931 731 1978 si
748 1931 854 1979 verbum
872 1933 962 1993 nuperi
977 1947 1040 1979 voce
1058 1932 1146 1979 effers-

101 2015 168 2050 mus.
198 2015 220 2050 c.
238 1997 281 2051 30.
299 2000 324 2060 §.
343 1995 388 2050 47.
406 2012 457 2048 non
474 1998 612 2048 omittenda
630 2011 721 2046 censeo
739 1997 831 2046 verba:
849 1998 882 2045 In
898 2005 1016 2061 quaauar
1031 1998 1094 2048 loeis
1111 2023 1147 2035 -

99 2070 266 2133 conclusione,
285 2069 311 2116 in
327 2068 416 2132 paucis
435 2066 505 2116 libris
515 2064 714 2131 praetermisso.
725 2064 788 2114 Nam
802 2065 901 2114 videtur
911 2065 961 2115 hoc
972 2082 1073 2129 quoque
1089 2067 1145 2116 loco

99 2137 218 2187 librarius
237 2151 252 2185 a
269 2153 295 2186 v.
313 2136 522 2189 conmemoratione
538 2141 642 2198 propter
660 2133 768 2182 similem
788 2133 883 2182 exitum
899 2134 974 2186 adr.
992 2138 1147 2186 conclusione

101 2207 268 2256 aberravisse.
289 2205 353 2253 Tum
369 2205 467 2261 ordine,
485 2211 515 2253 ut
529 2202 651 2268 quidquid
667 2204 716 2251 erit
731 2202 828 2260 dictum
847 2218 880 2252 ex
896 2203 966 2252 libris
983 2205 1094 2267 antiquis
1106 2220 1146 2253 re-

101 2276 166 2339 cepi.
185 2274 293 2324 Videtur
311 2274 377 2322 enim
396 2272 438 2321 liic
453 2271 524 2320 locus
539 2271 572 2321 ad
590 2270 756 2330 antiquiorem
768 2271 846 2319 istum
857 2286 1000 2322 sermonem
1010 2275 1144 2338 pertinere,

101 2344 200 2407 dequo
220 2342 356 2406 disputavit
371 2340 486 2403 Madoip.
507 2340 541 2388 ad
559 2339 609 2389 Oic.
627 2336 660 2386 de
674 2339 720 2398 fla.
737 2352 764 2402 p.
775 2337 827 2390 655
839 2354 878 2402 sq.
900 2340 999 2390 Deinde
1013 2342 1146 2391 retinenda

100 2418 155 2461 erat
171 2411 292 2471 librorum
308 2409 475 2474 plurimorum
493 2416 518 2456 et
537 2407 689 2471 optimorum
707 2408 845 2471 scriptura:
859 2410 921 2470 ficta
938 2411 1043 2459 estimet
1060 2411 1146 2459 dedito

99 2494 180 2543 opera
197 2485 343 2541 comparata
360 2478 443 2527 aratio
460 2483 507 2526 etc.
527 2474 570 2525 Sic
586 2475 662 2524 etiarn
676 2475 743 2525 infra
761 2476 805 2527 lib.
817 2477 860 2527 111.
877 2492 899 2529 c.
912 2475 956 2529 22.
974 2480 999 2539 §.
1011 2474 1056 2530 37.
1071 2481 1146 2541 fidas

99 2549 127 2599 in
141 2548 233 2614 paucis
250 2547 321 2597 libris
339 2547 365 2594 iu
380 2546 467 2609 saclas
484 2551 628 2609 corruptum
647 2551 693 2594 est.
720 2545 745 2603 §-
761 2541 805 2596 48.
825 2547 916 2609 scripsi
935 2547 966 2596 de
977 2546 1072 2596 Baiteri
1088 2562 1145 2595 seu·
1195 2582 1196 2585 ,

99 2619 194 2667 tentia:
213 2623 258 2666 aut
272 2628 407 2678 perperam
421 2613 517 2677 factum
533 2613 648 2662 iudicium
662 2614 791 2676 corripere
801 2616 890 2675 porat,
907 2629 939 2663 ex
950 2615 1014 2679 ipsis
1025 2615 1146 2664 librorum

102 2687 219 2750 vestigiis
232 2685 295 2733 satis
312 2683 394 2735 certis.
420 2680 518 2733 Deinde
535 2682 626 2730 retinui
644 2696 669 2730 v.
690 2682 829 2732 adinnientc
847 2684 903 2732 sine
918 2682 970 2731 ulla
989 2684 1146 2733 dubitatione

99 2754 127 2803 ln
147 2753 230 2804 verbis
247 2751 300 2801 his:
324 2751 396 2801 huius
413 2753 453 2800 rei
470 2758 515 2800 ant
530 2750 662 2800 leniendae
677 2757 721 2798 ant
737 2752 905 2815 arrapennis
920 2753 1013 2800 nullam
1029 2767 1082 2801 rem
1099 2752 1146 2800 ad-

99 2825 204 2874 iscnenlo
219 2821 341 2885 saturam.
370 2818 528 2870 Consti-notio
547 2818 614 2868 euim
630 2817 695 2867 haec
708 2827 758 2869 est:
775 2822 867 2869 nullam
883 2835 936 2870 rem
946 2821 1058 2884 suntrana
1073 2821 1146 2871 adir-

99 2899 179 2943 menn
195 2890 266 2940 buius
277 2891 318 2939 rei
331 2896 376 2939 aut
386 2888 518 2939 leniendae
528 2894 576 2937 aut
584 2888 760 2950 corripendae.
778 2904 801 2942 c.
813 2887 857 2941 31.
870 2890 895 2950 S.
908 2888 952 2941 50.
966 2890 1025 2938 libri
1042 2890 1145 2951 quidem

100 2965 245 3010 constanter
262 2966 377 3010 serrant:
394 2956 530 3024 quibusque
547 2956 704 3006 incarnandis
715 2958 799 3018 sinus,
816 2959 863 3009 sed
874 2958 949 3007 oredo
961 2965 1045 3006 tamen
1058 2964 1144 3004 auoto-

99 3043 154 3079 rem
172 3027 318 3091 scripsisse:
337 3027 472 3094 palliaque
487 3027 513 3075 in
530 3025 687 3076 inconnnodis
701 3028 786 3078 anun.

169 3096 225 3146 Lib.
244 3095 287 3146 Ill.
305 3111 328 3148 c.
345 3095 372 3147 2.
390 3097 413 3156 §.
434 3094 460 3147 2.
480 3095 640 3144 scribendum
661 3095 749 3157 putavi
765 3094 828 3144 bello
845 3094 954 3158 Poenico
971 3106 1018 3155 pro
1039 3090 1145 3156 vulgata

99 3167 223 3230 scriptura
240 3164 304 3214 bello
321 3162 412 3217 Italico
429 3171 532 3229 propter
548 3164 586 3215 rei
602 3169 691 3228 gestae
707 3163 837 3211 rationem.
863 3163 888 3222 S.
905 3159 932 3212 3.
950 3175 964 3209 e
981 3160 1051 3217 libris
1070 3160 1144 3210 bonis

99 3236 184 3300 recepi
200 3235 300 3283 uelimus
314 3248 361 3299 pro
377 3235 491 3298 uolentia,
509 3231 672 3295 quodetiam
686 3231 771 3294 aptius
783 3231 818 3282 ad
835 3231 918 3294 ipsam
932 3230 1082 3278 sententiam
1096 3238 1143 3281 est.

100 3319 121 3351 o.
134 3301 161 3355 3.
178 3304 204 3362 §.
218 3299 244 3354 4.
262 3303 370 3367 scripsi:
390 3308 434 3353 aut
448 3303 480 3361 si,
499 3316 550 3366 qua
566 3301 593 3350 in
610 3315 640 3348 re
657 3298 839 3349 coronabimur
852 3298 956 3363 aliquid,
973 3300 1043 3348 caius
1058 3300 1143 3348 rei—-

97 3374 234 3434 poterimus
249 3370 351 3431 habere,
371 3371 489 3437 monada
504 3376 549 3419 cut
565 3385 615 3434 pua
624 3368 731 3432 quidque
743 3371 840 3419 ratione
848 3370 908 3431 fieri
918 3374 1047 3430 spurcat,
1062 3374 1143 3418 asten-

100 3439 183 3489 demas
196 3447 242 3493 eto.
262 3439 305 3490 Sic
317 3442 383 3492 enim
395 3439 560 3506 interpunctis
571 3437 655 3491 verbis
667 3436 738 3486 locus
749 3446 816 3491 recte
828 3438 934 3503 intelligi
944 3443 1037 3502 potest.
1056 3437 1142 3488 Paullo

1274 2930 1277 3018 ᾖ

1268 3057 1277 3143 l
