2575 3892
139 203 181 264 80
474 203 527 260 ΑΒ
551 201 581 259 C
603 198 832 261 HERENNIUM

139 350 340 420 commoveri,
368 366 462 423 quum
482 348 616 424 gravitas
630 348 742 425 prioris
758 348 831 441 dicti
844 359 1011 411 renovatur
1025 351 1182 430 iuterpre-

137 434 252 495 tatione
266 434 440 492 verborum.

211 516 263 576 39.
283 516 462 597 Cornmutat
444 525 485 576 tro
501 525 563 588 est,
579 532 674 589 quum
688 516 767 575 duae
783 516 952 575 sententiae
967 516 1046 577 inter
1060 534 1096 577 se
1113 522 1181 581 dis-

138 584 299 694 crepantes
322 600 362 659 ex
346 584 614 660 lroirsioctione
607 609 649 660 ιιι
663 598 794 659 efferunt
782 606 846 671 tur,
872 607 905 659 ιιι
918 618 937 659 a
951 600 1055 675 priore
1069 588 1180 676 p'dste·

135 678 199 743 rior
208 678 365 744 contraria
378 682 475 777 priori
487 682 720 757 proficiscatur,
739 680 799 742 hoc
814 682 924 743 modo:
947 683 1028 743 Esse
1043 695 1179 760 oportet,

136 768 278 839 murras,
294 766 627 837 nonvrvere,utedas
650 766 741 825 Item·
755 765 800 824 Ea
810 781 844 826 rc
855 769 998 840 poemata
1008 781 1071 827 non
1082 769 1178 846 lacre,

136 850 218 925 quia,
234 848 407 910 cuiusmodi
418 850 500 921 volo,
518 863 580 908 non
592 865 737 924 possum,
753 848 926 909 cuiusmodi
938 866 1078 925 possum,
1090 855 1176 923 nolo.

135 935 224 993 Item:
241 933 325 1006 Quae
340 933 379 993 de
392 931 445 992 illo
460 931 610 1007 dicuntur,
625 932 687 992 dici
698 949 759 993 non
772 940 918 1006 possunt:
935 949 1015 1007 quae
1027 934 1087 994 dici
1099 951 1176 1009 pos-

135 1026 222 1088 sunt,
250 1033 311 1076 non
327 1014 478 1076 dicuntur.
510 1017 601 1075 Item:
625 1016 738 1076 Poema
751 1017 882 1090 loquens
896 1015 1031 1090 pictura,
1054 1018 1177 1092 pictura

133 1099 258 1159 tacitum
275 1102 385 1172 poema
400 1099 491 1159 debet
506 1115 587 1159 esse.
623 1101 713 1159 Item:
735 1097 769 1159 Si
784 1100 894 1158 stultus
910 1115 954 1171 es,
970 1115 1008 1158 eo
1021 1116 1055 1159 re
1069 1109 1173 1171 taces:

134 1198 196 1242 non
211 1191 323 1262 tamen,
338 1180 364 1240 si
379 1190 474 1251 taces,
490 1197 528 1241 ea
540 1196 574 1241 re
590 1184 700 1242 stultus
716 1198 760 1241 es.
795 1182 863 1241 Non
877 1190 980 1257 potest
994 1182 1064 1256 dici,
1095 1181 1175 1256 quin

133 1263 295 1324 commode
310 1264 371 1334 fiat,
388 1279 483 1337 quum
510 1265 684 1322 contrariae
705 1265 879 1324 sententiae
899 1266 1048 1325 relatione
1075 1266 1175 1325 verba

134 1362 260 1422 quoque
276 1354 501 1406 convertuntur.
537 1345 626 1406 Plura
640 1345 827 1406 subiecimus
843 1350 999 1420 exempla,
1022 1357 1066 1416 nt,
1092 1365 1173 1422 quo-

132 1431 214 1489 niam
230 1427 356 1489 difficile
370 1439 419 1489 est
431 1430 492 1489 hoc
506 1445 605 1504 genus
620 1429 830 1495 exornationis
845 1430 985 1502 inventu,
1000 1429 1174 1494 dilucidum

133 1522 235 1583 esset,
257 1522 305 1586 ut,
328 1529 422 1589 quum
435 1513 516 1573 bene
530 1521 615 1573 esset
628 1512 831 1587 intellectum,
856 1514 975 1574 laelius
990 1513 1170 1578 indicendo

132 1596 329 1661 inveniretur.

209 1680 312 1741 XXIX.
332 1679 497 1740 Permissio
512 1689 573 1752 est,
595 1697 689 1755 quum
704 1681 901 1741 ostendemus
916 1681 946 1739 in
962 1681 1095 1742 dicendo
1110 1700 1168 1744 nos

132 1765 267 1841 aliquam
287 1770 352 1825 rem
373 1775 467 1825 totam
487 1766 608 1824 tradere
629 1773 659 1824 et
680 1765 851 1825 concedere
866 1764 994 1824 alicuius
1010 1766 1168 1840 voluntati,

132 1849 193 1908 sic:
226 1848 375 1921 Quoniam
396 1847 538 1908 omnibus
558 1849 652 1907 rebus
673 1849 786 1921 ereptis
808 1849 908 1907 solum
927 1847 1001 1907 mihi
1027 1858 1169 1924 superest

131 1930 251 1990 animus
267 1940 297 1991 et
312 1947 434 2005 corpus,
449 1930 526 1990 haec
539 1931 618 2003 ipsa,
634 1930 800 2004 quaemihi
815 1930 854 1989 de
868 1929 970 1991 multis
986 1934 1053 1991 sola
1063 1933 1168 1992 relicta

131 2021 211 2086 sunt,
226 2012 317 2072 vobis
331 2022 362 2072 ct
373 2022 495 2072 vostrae
508 2013 650 2073 condono
662 2012 816 2087 potestati.
836 2013 902 2072 Vos
914 2029 964 2073 me
974 2024 1088 2088 vestro,
1103 2028 1167 2090 qut)

129 2103 222 2169 pacto
243 2094 333 2156 vobis
355 2094 520 2170 videbitur,
543 2094 670 2156 utamini
690 2103 783 2170 atque
803 2095 968 2156 abutamini
989 2097 1166 2173 licebit3im·

129 2178 234 2253 ponite
246 2179 274 2237 in
288 2198 351 2238 me.
414 2180 564 2251 orridouid
577 2179 659 2241 tinet,
674 2179 972 2251 statuite3dicite‚t
941 2188 972 2240 at
974 2198 1034 2256 que
1050 2182 1165 2243 obtem-

128 2263 256 2337 perebo.
291 2263 358 2322 lloc
381 2278 479 2336 genus
494 2272 587 2323 tamet
588 2262 615 2322 si
575 2263 706 2322 talias
723 2277 848 2338 quoque
862 2279 1092 2339 nonnumquam
1106 2274 1166 2325 ι’-ιι

130 2347 275 2406 orandum
289 2355 352 2416 est,
377 2355 478 2406 tamen
494 2347 534 2408 ad
548 2345 791 2409 misericordiam
806 2348 1059 2409 commovendam
1074 2349 1165 2458 vehe-
1205 2414 1209 2420 ,

128 2429 318 2489 meritissime
335 2439 383 2490 est
396 2430 608 2488 accommodat
597 2437 669 2490 t.um

97 2519 99 2522 ’
206 2511 257 2571 40.
262 2512 372 2595 Βιιιιιι
361 2512 434 2571 tatio
450 2519 512 2583 est,
530 2529 624 2585 quum
639 2527 788 2586 quaerere
804 2512 923 2575 videtur
938 2524 1047 2587 orator,
1062 2522 1164 2575 utrum

127 2595 167 2654 de
182 2574 304 2655 duobus
320 2586 429 2668 potiris
439 2603 491 2654 aut
503 2595 577 2669 quid
589 2597 627 2655 de
638 2594 778 2671 pluribus
792 2597 987 2692 potissimum
999 2597 1093 2675 dicat,
1101 2596 1165 2659 hoc

127 2679 236 2739 modo
264 2675 324 2737 ott
310 2676 366 2739 luit
386 2694 424 2739 eo
443 2686 581 2752 tempore
601 2676 764 2754 plurimum
784 2668 987 2756 reipublicae
1002 2683 1164 2743 consulum

127 2763 245 2823 siret
217 2760 312 2822 stultit
278 2760 372 2822 ttiam
394 2760 461 2823 sive
481 2761 625 2822 malitiam
645 2762 748 2824 dicere
770 2773 891 2840 oportet
909 2766 975 2826 sive
990 2775 1163 2839 utrumque.

125 2848 215 2908 Item:
242 2846 287 2906 Tu
307 2845 391 2907 istud
410 2860 507 2906 ausus
521 2860 556 2905 es
578 2845 697 2920 dicere,
722 2847 815 2909 homo
837 2848 971 2911 omnium
990 2848 1165 2909 mortalium

170 2937 352 2993 .quaero:
384 2938 520 2996 quonam
541 2930 572 2982 te
592 2923 686 2998 digno
710 2929 878 2989 moribust
865 2928 927 2988 tuis
943 2928 1098 3000 appellem
1113 2941 1169 2985 no·

125 2961 228 3058 mine?
258 3003 401 3077 Expedit
394 3021 424 3064 ro
440 3013 503 3076 est,
519 3022 614 3080 quum
628 3009 799 3072 rationibus
816 3009 1026 3087 compluribus
1041 3010 1169 3067 enume-

125 3080 211 3150 ratis,
228 3083 339 3153 quibus
355 3088 459 3162 aliqua
474 3103 525 3148 res
541 3090 677 3164 potuerit
692 3093 760 3153 fieri
775 3103 828 3156 eut
848 3111 910 3157 non
932 3100 988 3167 pot
976 3089 1077 3162 tuerit,
1094 3105 1167 3151 cae-

124 3170 211 3219 teme
224 3167 386 3238 tolluntur,
402 3187 465 3229 una
479 3171 676 3246 relinquitur,
692 3192 785 3272 quam
802 3196 861 3240 nos
876 3175 1081 3247 intendimus,
1103 3173 1166 3234 hoc

124 3244 234 3299 modo:
257 3245 394 3308 Necesse
415 3262 478 3322 est,
501 3272 596 3327 quum
615 3260 799 3320 constet't
758 3267 799 3320 rst
800 3278 851 3321 um
871 3262 1001 3323 fundum
1023 3266 1167 3321 nostrum

125 3323 233 3389 fuisse,
253 3330 400 3388 ostendas
415 3341 447 3390 tc
461 3344 516 3394 aut
529 3354 663 3398 vacuum
678 3343 862 3413 possedisse
876 3351 931 3403 aut
944 3360 1006 3404 usu
1019 3352 1106 3404 tuum
1121 3344 1166 3400 fe·

124 3403 208 3459 cisse
223 3409 276 3459 aut
289 3407 402 3466 emisse
417 3422 470 3471 aut
484 3416 656 3480 hereditate
671 3422 725 3482 tibi
739 3425 877 3485 venisse
898 3426 1051 3499 Vacunm,
1069 3441 1166 3501 quum
