2575 3892
294 456 442 515 Antonium,
462 457 505 518 qui
523 456 546 504 ei
565 456 702 504 discretae
720 471 752 505 ex
768 458 811 506 ria
826 458 955 524 languere.
992 464 1073 514 Anto·

294 526 352 573 nius
368 526 394 572 in
410 534 499 574 senatu
516 524 588 583 dixit,
604 524 653 572 nisi
667 525 773 583 veniret,
793 524 879 574 labsus
895 541 923 576 se
937 531 1073 583 missurum

296 601 320 642 et
337 593 440 642 domum
456 595 510 642 eius
529 592 735 641 disturbaturum.
762 592 887 643 Postridie
902 597 1012 648 Antonio
1028 603 1072 651 ab·

294 670 365 710 sente
384 659 469 711 Cicero
487 662 514 710 in
532 667 648 711 senatum
665 662 749 721 venit,
767 661 907 724 habuitque
925 668 1071 729 orationem,
1164 724 1168 730 ‚

294 744 358 793 quae
376 730 467 780 dIcitur
480 729 623 793 Philippica
635 731 727 792 priora.
752 728 789 780 Ob
805 746 880 794 qnam
893 732 1019 784 Antonius
1035 738 1074 785 ira

292 800 410 848 incensus
429 799 574 849 iuimicitias
597 800 621 848 ei
638 799 769 853 denuntiat
791 814 900 862 eumque
917 816 942 850 a.
963 802 987 851 d.
1005 804 1071 853 XIII.

291 866 345 916 Kal.
365 866 420 917 Oct.
439 868 466 916 in
489 875 578 917 senatu
600 868 692 917 adesse
714 868 793 918 iubet.
829 869 888 932 Ipse
908 870 1005 919 interea
1027 888 1073 937 per

290 936 362 987 XVII
380 937 435 987 dies
452 937 480 985 iu
492 936 624 986 Tiburtino
638 934 764 1001 Scipionis
785 936 948 1006 declamitans
965 941 1073 990 medita-

290 1012 331 1054 tus
348 1012 387 1055 est
401 1006 550 1069 orationem,
570 1019 647 1067 quam
660 1005 727 1054 Xlll.
740 1003 794 1054 Kal.
811 1006 866 1057 Oct.
883 1008 909 1056 in
928 1009 991 1058 aede
1007 1008 1074 1059 Gon-'

291 1073 391 1124 cordIae
415 1081 502 1124 contra
523 1073 669 1124 Ciceronem
690 1073 786 1124 babuit.
824 1074 910 1125 Cicero
932 1077 958 1125 in
982 1087 1071 1127 senatu

290 1158 341 1192 non
354 1141 435 1202 affuit,
451 1150 520 1192 metu
532 1142 687 1193 insidIarum
696 1143 728 1193 ab
744 1143 832 1192 amicis
846 1143 998 1208 prohibitus.
1016 1149 1070 1196 An-

288 1213 352 1261 tonii
377 1225 439 1262 vero
461 1211 569 1262 orationi
591 1212 712 1277 opposuit
733 1212 901 1274 Philippicam
922 1215 1069 1276 acuendum,

288 1296 338 1331 neu
354 1280 469 1331 habitam
485 1282 598 1343 quidem,
618 1281 666 1330 sed
679 1282 715 1330 ita
728 1282 905 1346 conscriptam,
924 1285 998 1346 qnasi
1014 1299 1070 1334 eam

288 1350 355 1399 XIII.
373 1349 429 1401 Kal.
454 1348 508 1401 Oct.
531 1351 559 1398 iu
581 1357 741 1413 praesentem
766 1350 905 1401 Antonium
927 1350 1068 1406 habuisset.

287 1420 412 1471 Extremis
432 1417 546 1469 Octobris
565 1418 655 1468 diebus
677 1424 702 1467 et
722 1432 811 1468 mense
828 1417 965 1470 Nouembri
983 1421 1069 1472 Cicero

286 1487 453 1539 Puteolanum
470 1501 545 1537 suum
561 1496 710 1548 ceterasque
725 1486 800 1538 villas
819 1489 872 1538 obit
889 1489 1019 1553 librosque
1037 1492 1069 1540 de

288 1555 383 1620 Officiis
403 1556 509 1622 perficit
544 1556 647 1605 InterIm
669 1557 795 1606 Antonius
813 1558 869 1607 VII.
894 1560 931 1610 ld.
950 1557 1005 1609 Oct.
1025 1560 1069 1609 ob-

287 1626 356 1674 riam
373 1628 419 1675 ivit
441 1625 584 1690 leglenibus
606 1632 726 1688 quattuor
742 1642 756 1675 e
774 1625 924 1677 Macedonia
939 1629 1069 1677 redeunti·

288 1693 337 1740 bns
353 1707 448 1755 easque
464 1695 512 1743 sibi
529 1694 663 1744 conciliare
679 1694 785 1743 studuit.
820 1695 983 1745 Brundisium
999 1697 1070 1745 venit

287 1760 343 1810 VII.
358 1761 395 1811 Id.
411 1761 464 1813 (let.
484 1761 601 1814 Octavius
619 1772 712 1822 autem,
732 1764 797 1820 sive,
815 1770 843 1811 ut
862 1762 977 1813 Caesaris
996 1765 1069 1813 here-

200 1862 204 1869 ·
289 1828 366 1879 ditate
384 1830 454 1880 adita
471 1833 653 1891 nchnaBatur,
672 1831 771 1882 Caesar
789 1828 953 1892 Octauianus,
971 1842 1068 1882 vetera·

288 1913 334 1948 nos
353 1897 468 1952 Caesaris
485 1902 590 1961 excivit,
603 1901 741 1964 multisque
760 1898 815 1950 aliis
835 1901 1012 1952 accedentibus
1029 1902 1068 1951 iu·

286 1976 353 2017 stum
369 1972 507 2023 exercitum
521 1971 655 2020 contraxit.
673 1963 761 2020 Paullo
776 1978 835 2033 post
850 1972 964 2036 legiones
978 1971 1068 2022 Martia

287 2045 311 2086 et
334 2038 429 2098 Quarta
454 2040 594 2090 Antonium
616 2039 772 2102 reIIquernnt
797 2046 822 2088 et
845 2039 879 2090 ad
903 2038 1068 2091 Octavianum

284 2109 443 2161 transierunt.
481 2110 536 2169 Quo
557 2108 646 2157 nimus
671 2106 747 2157 allato
765 2109 891 2159 Antonius
913 2124 971 2159 cum
995 2125 1067 2159 sena-

285 2184 337 2225 tum
354 2178 381 2225 iu
395 2175 548 2242 Capitolium
562 2190 586 2224 a.
605 2176 630 2226 d.
646 2175 690 2225 I'V.
704 2175 760 2228 Kal.
774 2176 835 2228 Dec.
850 2187 977 2240 uocasset,
993 2178 1068 2229 valde

286 2246 417 2310 perculsus
436 2244 569 2295 confestim
587 2252 703 2293 senatum
722 2245 817 2295 dimisit
835 2255 859 2296 et
883 2247 1019 2312 paludatus
1040 2247 1067 2296 in

286 2313 393 2365 Galliam
410 2315 551 2365 citeriorem
569 2314 686 2364 decessit.
722 2313 784 2363 Dec.
802 2314 894 2365 Brutus
911 2325 996 2369 eutem
1014 2316 1066 2366 cdi·

286 2393 352 2433 ctum
370 2385 518 2450 proposuit,
536 2397 587 2446 quo
604 2397 634 2432 se
649 2382 806 2448 provinciam
824 2382 930 2435 Galbam
947 2388 974 2436 in
991 2384 1017 2434 S.
1031 2385 1063 2502 ε

286 2454 314 2512 Q.
334 2453 366 2505 B.
391 2461 519 2518 potestate
539 2459 695 2502 retenturum
716 2450 890 2517 polluebatur.
928 2454 1015 2505 Cicero
1057 2490 1064 2503 .

286 2524 323 2572 Id.
336 2521 396 2572 Dec.
412 2524 446 2573 ad
463 2523 556 2574 Urbem
573 2522 656 2582 rediit,
675 2537 731 2572 cum
748 2524 808 2572 novi
820 2524 915 2574 tribuni
928 2525 996 2574 XIII.
1009 2521 1064 2572 llnl.

286 2593 339 2642 lau.
364 2600 479 2643 senatum
503 2599 696 2652 convocassent,
720 2592 777 2656 ipse
794 2594 944 2643 seutentiam
960 2600 1067 2658 rogatus

287 2675 318 2708 ea
335 2661 406 2721 dixit,
424 2677 490 2725 quae
509 2662 656 2727 complexus
674 2668 714 2710 est
732 2659 873 2724 Pbilr'ppica
892 2664 976 2712 tertia.
1003 2660 1065 2710 (len-

286 2730 338 2779 suit
355 2737 438 2780 antem
456 2747 497 2782 res
516 2745 573 2791 eas,
599 2744 664 2793 quas
682 2728 776 2779 Caesar
794 2731 944 2780 adolescens
962 2730 1065 2795 egisset,

288 2796 389 2858 publica
406 2802 551 2851 auucritate
572 2799 767 2857 confirmandas,
786 2798 912 2863 legiones,
933 2811 999 2858 quae
1013 2797 1065 2844 An·

290 2864 386 2912 lonium
402 2868 579 2928 deseruissent,
598 2867 749 2923 laudandas,
768 2867 831 2914 Dec.
845 2865 959 2922 Brutum,
978 2865 1022 2926 qni
1037 2877 1065 2912 se

288 2932 397 2983 Antonio
408 2935 435 2984 in
448 2934 529 2993 Gellia
543 2937 687 2991 obiecisset,
699 2933 849 2983 ornandum.
882 2930 946 2981 soto
959 2932 986 2981 in
999 2931 1066 2982 hanc

287 3003 436 3053 senteutiam
459 3005 526 3057 fecto
543 3004 630 3055 Cicero
659 3004 685 3052 in
703 3000 847 3051 contionem
863 3000 1002 3066 productus
1019 3016 1066 3066 po·

286 3071 355 3136 pulc,
375 3088 442 3136 quae
459 3083 515 3125 acta
529 3083 554 3124 et
568 3074 669 3124 decreta
683 3071 912 3142 essentexpcsnit
924 3070 1066 3134 Plcilr'ppico

286 3149 387 3205 quarm

121 3194 170 3255 711
216 3203 251 3257 43
287 3207 358 3260 Coss.
395 3212 424 3263 O.
447 3211 537 3261 Vr'bius
555 3211 652 3269 Pausa,
671 3210 705 3258 A.
726 3209 835 3261 Hirtius.

318 3278 374 3331 IIal.
393 3281 516 3329 Ianuariis
535 3279 651 3329 consules
670 3277 818 3328 rettulerunt
835 3279 867 3328 de
883 3279 1004 3337 Antonio,
1023 3278 1067 3339 qui

285 3345 389 3397 Brutum
406 3348 519 3397 Mutinae
535 3346 743 3396 circumsedebat.
770 3346 883 3409 Cumque
898 3347 958 3397 Piso
973 3346 1067 3407 aliique

285 3414 384 3481 legatos
406 3418 442 3466 ad
464 3416 604 3464 Antonium
627 3414 765 3464 mittendos
783 3415 954 3473 censuissent,
978 3412 1068 3460 habuit
1149 3462 1153 3468 ¹
