2575 3892
485 201 548 251 nult
562 200 669 251 ANNOS
687 201 833 252 DlGESTA.

316 519 375 554 curn
393 504 495 563 diceret,
514 517 542 551 se
561 501 605 551 illa
623 508 697 549 nocte
714 515 765 549 uon
782 501 887 563 Romae,
907 503 953 552 sed
971 505 1093 553 Interam-

316 587 365 623 nae
383 572 471 624 luisse.
495 567 579 621 Cicero
598 569 671 619 testis
689 569 827 634 productus
843 571 903 620 dicit
918 571 989 620 illum
1003 572 1092 621 eodem

317 643 360 692 die
378 640 412 690 ad
430 654 458 690 se
476 640 580 689 domum
594 639 707 695 venisse3
728 635 830 686 Clodius
843 645 929 688 tamen
944 640 1091 689 absolvitur.

318 711 347 770 Q.
365 708 478 759 Ciceroni
496 708 530 758 M.
550 706 621 757 fratri
638 722 670 756 ex
686 714 806 771 praetura
823 707 885 755 Asia
902 707 1033 771 provincia
1050 710 1094 757 ob·

316 780 400 844 tingit.
421 775 506 827 Cicero
524 774 639 826 Clodiam
659 776 686 825 in
700 782 790 825 senatu
809 790 887 837 quum
906 774 1020 824 oratione
1037 790 1095 838 per-

323 856 407 911 petua,
420 857 474 897 tum
485 847 647 896 altercatione
657 843 759 909 trangit.
776 844 786 876 ¹
810 845 865 893 Hoc
876 857 943 892 anno
955 843 1022 891 idem
1035 856 1090 890 ora·

323 915 417 963 tionem
425 913 577 979 proArclria
582 915 663 977 poeta
671 911 757 961 habuit
767 909 854 975 [immo
865 925 932 960 auno
942 906 1090 974 superiore}

349 983 486 1048 Pompeius
504 983 544 1031 Ill.
564 991 589 1031 et
607 983 675 1046 prid.
690 980 745 1031 Kal.
760 981 814 1029 Cot.
834 983 866 1031 ds
880 980 1035 1042 Mithridate,
1054 981 1096 1029 Ti-

316 1067 394 1117 grane
412 1051 520 1112 aliisque
538 1052 641 1116 regibus
662 1050 735 1099 victis
750 1049 906 1113 triumphum
923 1051 986 1114 agit.
1004 1049 1097 1100 Caesar

317 1135 350 1169 ex
367 1127 488 1184 praetura
507 1119 658 1182 Hispaniam
676 1118 780 1167 obtinet.

152 1181 206 1236 694
248 1184 284 1240 60
317 1187 388 1239 Coss.
424 1186 456 1239 L.
478 1186 613 1251 Afraniae,
631 1185 663 1248 Q.
683 1186 806 1237 Caeciliae
824 1185 942 1239 Metellus
958 1187 1038 1237 Celer.

350 1257 424 1307 Initio
443 1256 502 1306 anni
517 1255 603 1307 Cicero
624 1255 715 1315 effecit,
733 1271 766 1306 ns
783 1255 814 1314 Q.
830 1255 903 1305 fratri
922 1257 949 1304 in
963 1257 1027 1305 Asia
1040 1269 1097 1305 suc-

317 1326 456 1376 cederetur.
492 1325 521 1375 P.
537 1324 640 1376 Clodius
661 1323 789 1374 Ciceronis
807 1322 945 1374 ulciscendi
963 1339 1041 1374 causa
1055 1324 1098 1372 tri-

316 1395 426 1444 bunatus
445 1394 552 1458 cupidus
570 1394 746 1445 transitionem
763 1393 797 1442 ad
811 1391 912 1456 plebem
925 1393 1037 1443 molitur.
1057 1391 1099 1441 Ci-

318 1478 375 1511 cero
398 1464 593 1512 coementariam
615 1464 759 1511 maculatus
776 1461 819 1510 sui
836 1462 937 1519 scribit;
960 1462 991 1509 de
1009 1460 1096 1509 eodem

317 1530 409 1580 librum
427 1529 521 1579 Graece
539 1531 661 1594 seriptum
677 1530 741 1589 edit3
762 1529 871 1588 denique
885 1532 977 1594 poema
992 1528 1024 1577 de
1040 1543 1099 1577 con-

320 1599 406 1647 sulatu
423 1599 504 1647 tribus
522 1598 593 1646 libris
612 1597 773 1646 conscribit.²

354 1663 407 1712 Hoc
424 1679 488 1713 anno
508 1664 542 1712 ad
558 1663 634 1712 tinem
652 1672 773 1726 vergente
789 1663 925 1725 Pompeius
944 1679 1002 1711 cum
1018 1661 1046 1710 C.
1060 1664 1101 1710 lu·

321 1731 356 1777 lio
375 1729 484 1776 Caesare
504 1736 529 1776 et
545 1727 580 1775 M.
598 1729 698 1776 Licinio
718 1728 810 1775 Crasso
829 1731 965 1776 coitionem
983 1730 1053 1776 lacit.

158 1794 210 1851 695
255 1790 289 1844 59
324 1794 396 1844 Coss.
434 1795 461 1842 G.
481 1793 562 1842 [relius
580 1794 687 1851 Caesar,
708 1793 748 1843 M.
769 1794 918 1854 Calpurniae
935 1794 1049 1845 Bibulus.
1136 1783 1171 1839 48

359 1859 447 1913 Cicero
469 1860 621 1927 legationem
644 1862 695 1912 sibi
719 1860 861 1912 aCaesare
884 1861 995 1913 oblatam
1017 1876 1103 1928 asper-

322 1938 412 1990 natur,
444 1931 564 1994 idemque
585 1930 669 1981 locum
691 1933 717 1980 iu
740 1929 789 1980 XX
808 1931 869 1980 viris
894 1947 955 1996 agro
975 1931 1101 1998 Campano

322 1999 462 2051 dividundo
486 2008 594 2050 recusat.
631 2000 706 2059 Quod
731 1997 825 2050 Caesar
848 2014 924 2066 aegre
942 2001 1026 2051 ferens
1046 1999 1101 2049 Clo-

322 2070 407 2128 dium,
426 2069 469 2130 qul
487 2083 516 2119 se
533 2069 560 2117 Ρ.
583 2069 688 2120 Fonteio
706 2069 807 2133 plebeio
826 2067 922 2119 homini
940 2071 967 2119 in
985 2070 1100 2136 adoptio·

321 2153 380 2188 nem
398 2137 510 2199 dederat,
529 2138 563 2189 ad
579 2137 681 2202 plebem
696 2139 833 2189 traducit.³
852 2140 906 2188 Hoc
920 2153 985 2188 auno
1004 2139 1031 2189 C.
1050 2141 1101 2188 Au-

320 2206 415 2265 tonins,
429 2213 489 2271 post
502 2206 611 2257 reditum
626 2222 641 2255 a
655 2207 787 2271 provincia
801 2214 942 2271 accusatus,
957 2223 974 2258 a
984 2207 1101 2260 Cicerone

323 2274 477 2325 defenditur.
514 2273 700 2325 Condemnatus
714 2284 799 2327 tamen
814 2277 885 2325 exsul
899 2278 951 2327 abit
963 2280 990 2326 in
1005 2278 1101 2343 Cepha-

322 2343 423 2394 leniam.
459 2342 552 2393 Postea
566 2342 652 2394 Cicero
667 2345 803 2393 Thermum
819 2345 860 2393 bis
875 2345 989 2394 defendit
1008 2347 1102 2395 effecit-

323 2427 387 2475 que,
406 2418 436 2460 ut
453 2411 634 2465 absolveretur.
671 2412 770 2462 Deinde
789 2414 928 2463 orationem
946 2412 1036 2463 habuit
1054 2429 1101 2479 pro

323 2483 356 2531 L.
381 2482 487 2531 Valerio
503 2481 596 2531 Flacco
620 2497 636 2532 a
659 2480 689 2530 D.
708 2481 795 2531 Laelio
815 2483 1012 2546 repetundarum
1030 2499 1103 2533 aecu-

322 2559 387 2608 sato,
406 2564 515 2613 eumque
534 2551 566 2599 de
586 2549 802 2603 manifestissimis
821 2553 969 2602 criminibus
987 2554 1037 2602 ioci
1058 2567 1102 2616 on

323 2619 477 2684 portunitate
496 2619 598 2669 exemit.

359 2686 460 2737 Caesari
477 2688 583 2748 consuli,
597 2691 731 2752 rogatione
740 2688 768 2737 P.
778 2689 876 2742 Vatinii
888 2691 947 2739 trib.
957 2689 1006 2752 pl„
1023 2688 1102 2735 invito

323 2764 427 2816 senatu,
446 2754 529 2806 Gallia
546 2758 648 2807 citerior
664 2773 721 2807 cum
737 2757 836 2822 Illyrico
855 2765 879 2806 et
897 2759 978 2807 tribus
996 2755 1103 2819 legioni-

324 2826 371 2874 bus
389 2826 416 2874 in
430 2826 629 2889 quinquennium
645 2826 795 2883 december,
814 2842 864 2887 quo
880 2825 946 2873 lecto
962 2831 1065 2871 senatus
1080 2822 1103 2868 ei

326 2891 432 2943 Galliam
455 2894 601 2945 ulteriorem
619 2909 678 2942 cum
696 2894 746 2942 alia
764 2894 866 2956 legione
884 2891 963 2939 addit.
999 2889 1027 2938 P.
1047 2886 1105 2938 Clo-

325 2961 383 3011 dius
406 2963 515 3013 comitils
536 2962 677 3012 tribuniciis
695 2962 755 3009 trib.
775 2959 810 3023 pl.
830 2959 978 3023 designatur
996 2972 1104 3020 eumque

324 3032 480 3082 tribunatum
495 3032 549 3082 adit
569 3043 656 3079 mense
674 3027 815 3078 Decembri.

160 3096 212 3151 696
257 3093 294 3149 58
325 3100 397 3152 Coss.
432 3101 466 3151 L.
483 3100 634 3163 Odparniua
652 3097 716 3148 Piso
732 3098 894 3157 Caesoninus,
915 3097 948 3146 Α.
965 3098 1093 3149 Gabinius.
1139 3092 1172 3144 49

360 3169 463 3219 Clodius
487 3171 546 3221 trib.
566 3168 602 3233 pl.
621 3167 693 3232 leges
712 3167 769 3216 tulit
791 3168 812 3218 l.
832 3174 861 3215 ut
884 3167 1039 3216 frumentum
1058 3181 1104 3232 po·

323 3237 384 3302 pulo
404 3240 484 3302 gratis
503 3239 612 3295 daretur,
630 3234 656 3289 2.
676 3251 708 3284 ne
725 3237 781 3297 quis
799 3250 846 3299 per
865 3250 909 3284 eos
927 3235 992 3293 dies,
1013 3235 1104 3297 quibus

353 3407 374 3456 1)
389 3402 479 3447 adan.
495 3403 512 3447 l.
530 3401 563 3445 16.
611 3401 633 3450 2>
649 3400 685 3442 ad.
702 3400 748 3443 Ati.
764 3400 782 3442 1.
800 3400 831 3443 ln.
881 3400 902 3450 3)
919 3399 948 3439 de
962 3408 1025 3452 pror.
1041 3406 1104 3440 cons.

326 3457 359 3501 17.
375 3457 404 3497 ad
420 3458 465 3499 Art.
482 3457 500 3499 l.
518 3455 550 3498 18.
567 3453 606 3496 clr.
623 3453 704 3494 ibidem
720 3454 746 3495 ll.
765 3453 796 3492 19.
812 3452 849 3495 ΙΧ.
864 3453 886 3494 9.
