2575 3892
311 152 313 157 '
383 143 609 196 MEMORABILIA
626 140 726 190 VITAE
744 136 910 189 CICERONIS

751 361 754 366 ,
1109 320 1158 355 am

136 377 188 412 os.
221 375 272 412 ore
588 410 589 413 Ἴ
865 378 868 383 >
1095 360 1171 426 ..c-rg-

338 448 423 498 Gicero
441 461 474 494 ex
495 447 584 495 itinere
605 446 633 494 in
653 443 783 494 Graeciam
801 450 826 490 et
842 440 931 490 Asiam
948 441 1080 489 revertitur

303 525 328 567 et
343 515 485 565 Terentiam
500 529 606 565 uxorem
621 514 700 563 ducit.

233 585 267 640 76
304 585 376 639 (loss.
411 582 456 635 Oa.
474 581 615 640 Octaviac,1
635 581 664 632 G.
681 579 826 629 Scriboniam
843 578 928 628 Uario.
1116 571 1150 624 31

337 656 365 704 Iu
376 653 499 717 Hispania
516 652 637 701 adversus
654 647 793 698 Sertorium
808 648 929 696 acerrime
946 652 1081 710 pugnatur.

338 722 424 772 Cicero
449 733 539 770 causas
558 717 702 782 complures
723 716 824 766 infore
847 716 916 779 agit,
943 714 970 761 in
991 715 1080 778 primis

304 793 443 840 oraticnem
459 787 536 836 habet
552 802 598 853 pro
610 787 702 836 Roscio
723 782 869 835 Comoedo.²
888 782 986 831 Deinde
1003 794 1080 842 quae-

282 898 284 901 .
303 867 398 908 staram
413 864 517 922 petens,
540 857 567 904 iu
585 856 693 904 comitiis
711 853 813 902 tributis
829 851 930 900 ,cunctis
951 848 1081 913 suffragiis

303 935 421 989 quaestor
439 926 491 974 fit³

137 997 190 1053 679
233 992 266 1047 75
304 996 375 1046 (loss.
411 995 446 1044 L.
464 991 589 1052 Ostorius,
608 992 637 1042 0.
656 991 777 1040 Aurelius
792 990 873 1039 Cotto.
1116 976 1151 1030 32

338 1063 426 1114 (licem
454 1069 574 1125 quaestor
597 1061 624 1110 in
649 1059 736 1110 Sicilia
759 1058 938 1124 lilybaetanus
963 1061 1081 1118 praetore

245 1154 248 1157 ’
304 1132 363 1182 Sex.
380 1131 540 1182 Peducaeo.⁴

138 1200 191 1257 680
233 1196 268 1252 74
304 1200 375 1251 (loss.
412 1202 445 1249 L.
466 1198 728 1257 LiciniacLucrdlua
746 1196 787 1246 M.
807 1193 928 1243 Aurelius
944 1192 1025 1241 Getta
1117 1181 1152 1235 33

337 1270 371 1319 Μ.
391 1269 517 1319 Antonius
537 1265 663 1325 Creticus,
685 1266 720 1317 M.
737 1263 861 1313 triumviri
882 1268 956 1325 pater
972 1260 1081 1309 curatio-

303 1353 361 1387 nem
379 1353 438 1387 orae
454 1336 596 1385 maritimae
611 1342 701 1384 nactus
719 1331 833 1382 Siciliam
851 1330 964 1392 aliasque
980 1329 1082 1392 provin-

303 1408 355 1456 cias
373 1406 556 1471 depopulatur,
576 1403 669 1454 deiude
684 1401 845 1451 Cretensibus
863 1399 930 1448 bello
946 1396 1032 1457 illato,
1055 1411 1082 1445 re

246 1513 251 1522 .
304 1476 369 1525 male
387 1483 460 1540 gesta
477 1473 593 1523 moritur.

339 1543 425 1594 Cicero
445 1559 478 1593 ex
496 1548 632 1604 quaestura
649 1539 777 1590 Siciliensi
794 1538 828 1586 ad
842 1537 934 1588 Urbem
949 1534 1040 1584 redit.⁵

138 1611 188 1666 aar
232 1605 266 1660 7³
304 1612 376 1663 coss.
419 1611 460 1661 M.
488 1610 620 1661 reram
645 1611 734 1659 Varro
760 1608 895 1665 oleata,
925 1604 954 1655 a
980 1603 1082 1654 casaur
1118 1588 1153 1640 34

410 1681 506 1730 Varus.
839 1694 843 1700 >

323 1749 366 1797 vIn
393 1748 466 1798 Italia
489 1746 584 1797 bellum
608 1760 624 1794 a
655 1745 840 1810 gladiatoribus
867 1742 992 1791 excitatur
1019 1741 1082 1789 duce

304 1815 433 1881 Spartaco.
474 1817 505 1866 L.
529 1813 653 1864 Lucullus
675 1814 770 1862 bellum
799 1818 886 1860 contra
909 1809 1082 1859 Mithridatem

303 1886 377 1948 gerit,
397 1884 515 1949 Cyzicum
531 1883 620 1930 urbem
638 1881 772 1930 obsidione
790 1879 889 1928 liberat.

233 1943 266 1998 72
303 1953 375 2002 Coss.
409 1948 446 2069 ἐι.
466 1951 562 2001 Gellius
579 1949 722 2010 Poplicola,
742 1946 787 1997 aa.
810 1945 939 1999 Gemellae
959 1943 1083 1993 Lentulus
1117 1928 1151 1983 35

429 2019 552 2068 lollianae.
682 2028 687 2039 ·

338 2087 458 2151 Lucullus
469 2086 641 2136 Mithridatem
655 2086 682 2134 in
693 2083 800 2134 Pontum
814 2083 982 2147 persequitur.
1004 2079 1081 2144 Spar·

303 2165 375 2207 tacus
392 2164 528 2220 utrumque
544 2154 674 2204 consulem
689 2153 787 2218 praello
806 2151 891 2202 vineit.

233 2215 266 2270 71
305 2223 376 2276 (loss.
407 2226 454 2343 gc.
467 2223 591 2286 *Aufidiae
612 2221 728 2283 Orestes,
753 2223 787 2273 Ρ.
808 2220 940 2271 Cornelius
962 2217 1083 2268 Lentulus
1118 2199 1153 2254 36

428 2309 485 2346 ara.

319 2394 322 2397 Δ
337 2363 498 2413 Mithridates
515 2363 549 2411 ad
566 2375 688 2426 generum
705 2374 780 2409 suum
794 2358 930 2422 Tigranem
948 2357 975 2404 in
993 2356 1082 2403 Arme-

304 2433 372 2480 niam
394 2431 469 2495 fugit.
506 2429 644 2494 Spartacus
667 2427 734 2479 aM.
757 2427 858 2476 Licinio
879 2424 991 2474 Crasso⁶
1009 2437 1082 2486 prae-

303 2507 357 2549 tore
381 2500 478 2564 proelio
502 2500 584 2548 victus
607 2498 683 2561 perit.
718 2496 839 2545 Extremo
861 2507 927 2542 auno
946 2491 1082 2554 Pompeius

303 2569 411 2632 Magnus
426 2568 494 2617 bello
510 2565 654 2615 Sertoriano
671 2564 786 2615 coniecto
803 2578 836 2613 ex
851 2562 975 2625 Hispania
991 2559 1081 2618 redux,

303 2637 395 2687 deletis
411 2636 527 2700 reliquiis
545 2634 724 2699 gladiatorum,
742 2629 905 2695 triumphat.⁷

177 2700 183 2718 '
233 2691 267 2746 7⁰
304 2703 376 2756 (less.
412 2706 460 2756 Oa.
478 2705 611 2772 Pompeias
627 2702 753 2766 Mapmer,
773 2699 814 2749 M.
833 2699 948 2748 Licinius
964 2696 1081 2747 arascos.
1118 2674 1155 2733 37

283 2798 288 2808 ·
338 2773 426 2826 Cicero
436 2772 527 2824 aedilis
542 2773 701 2836 designatus,
715 2768 857 2818 Siculorum
869 2766 1010 2832 patrocinio
1026 2777 1082 2812 sus-

303 2850 391 2908 cepto,
409 2842 437 2894 G.
447 2843 567 2901 Verrem,
584 2841 629 2903 qui
644 2839 757 2889 Siciliam
772 2837 931 2902 provinciam
945 2849 992 2902 per
1005 2834 1082 2882 trien·

302 2914 372 2962 nium
391 2914 488 2979 rapinis
504 2919 528 2961 et
548 2907 697 2959 crudelitate
716 2913 867 2967 vexaverat,
886 2903 1082 2970 repetundarum

301 2980 458 3044 postulatum
481 2982 510 3030 in
532 2979 657 3029 iudicium
680 2979 781 3027 uocat.l
818 2976 860 3026 Ad
882 2977 958 3024 istam
980 2982 1082 3020 causam

330 3173 350 3222 t)
370 3171 398 3212 de
412 3172 460 3217 sin.
476 3173 503 3216 ll.
519 3173 554 3216 28.
570 3176 630 3216 extr.
674 3171 696 3221 2)
718 3169 746 3210 de
760 3169 843 3210 Roscio
859 3167 899 3210 cir.
915 3166 943 3207 de
958 3166 998 3208 or.
1013 3164 1031 3205 1.
1045 3162 1081 3208 28.

300 3225 351 3266 Vol.
366 3224 428 3269 Max.
444 3225 501 3268 vill.
515 3227 537 3269 7.
564 3226 587 3279 3)
601 3227 665 3269 Brut,
679 3223 715 3266 92.
732 3224 754 3263 in
769 3224 816 3267 Pis.
829 3223 849 3266 l.
882 3224 904 3269 4)
917 3221 1039 3261 inverrem
1053 3218 1082 3262 ll.

300 3277 327 3322 V.
346 3279 378 3321 ll.
394 3279 460 3322 Tusc.
475 3278 503 3324 V.
518 3280 553 3324 23.
588 3280 610 3331 5)
625 3289 667 3332 pro
682 3275 761 3331 Planc.
775 3275 810 3316 26.
842 3275 865 3324 6)
881 3274 928 3317 Cir.
944 3275 966 3313 in
981 3274 1029 3316 Pis.
1045 3271 1081 3314 24.

301 3331 322 3422 ’9
339 3332 391 3425 t‘lr.¹
401 3343 441 3425 pac
455 3332 507 3384 lege
521 3334 582 3377 Man.
600 3335 633 3377 ll.
649 3340 690 3385 pro
705 3329 767 3372 Seri.
782 3330 818 3372 31.
853 3328 876 3379 8)
891 3329 974 3370 Brutus
987 3324 1025 3371 92.
1039 3324 1081 3366 etr.

323 3395 366 3427 err.
395 3415 400 3426 .
432 3417 438 3429 .
