2575 3892
123 182 187 248 172
492 183 544 244 DE
560 183 793 243 lNVENTlONE

120 335 231 414 pupilli
252 351 286 394 re
307 332 428 405 tostari;
455 349 493 393 an
514 333 648 395 heredes
664 332 794 394 secundi
808 332 909 408 ipsius
924 335 1187 418 patrisfamilias5

120 438 181 481 uon
203 418 258 477 filii
281 433 407 493 quoque
428 415 495 477 eius
517 416 626 492 pupilli
647 416 780 477 heredes
802 416 884 478 sinti
915 417 966 480 63.
987 421 1093 495 Atque
1109 423 1186 486 hoc

119 519 181 563 non
198 502 332 561 alienum
346 509 409 575 est,
437 501 522 576 quod
535 501 576 561 ad
590 501 686 561 multa
699 499 866 575 pertineat,
891 518 931 561 ne
945 511 998 563 aut
1011 521 1182 582 nusquam

119 596 172 647 aut
188 600 414 661 usquequaque
430 584 557 658 dicatur,
573 583 624 645 hie
638 583 816 645 admouere.
851 584 929 645 Sunt
945 602 1068 661 causae,
1088 609 1182 667 quae

118 672 224 747 plures
244 668 359 729 babent
378 667 514 728 rationes
535 667 565 727 in
592 667 725 743 simplici
751 666 984 741 constitutione;
1012 674 1102 746 quod
1128 675 1177 751 fit,

120 771 214 829 quum
229 752 277 824 id,
300 752 383 827 quod
400 753 512 811 lactum
527 760 576 815 est
589 759 641 812 aut
656 751 741 826 quod
757 751 946 827 detenditur,
968 754 1112 830 pluribus
1131 761 1176 819 de

120 836 224 897 causis
248 843 365 896 rectum
391 844 444 895 aut
463 834 624 910 probabile
646 835 744 895 videri
765 844 883 911 potest,
909 835 993 898 utin
1015 839 1074 900 hac
1097 841 1178 919 ipsa

120 937 223 980 eausa.
260 919 459 995 Supponatur
480 918 561 979 enim
582 921 620 979 ab
646 918 812 981 heredibus
838 920 916 981 haee
942 920 1038 983 ratio:
1065 925 1174 986 Unius

119 1003 199 1064 onim
224 1002 376 1079 pecuniae
403 1005 508 1078 plures
529 1001 730 1063 dissimilibus
753 1003 792 1063 de
813 1002 916 1065 causis
935 1004 1070 1067 heredes
1093 1026 1174 1070 esse

117 1105 180 1148 non
195 1096 343 1161 possunt,
366 1103 424 1146 uec
440 1103 584 1162 umquam
599 1088 788 1162 factumest,
808 1096 842 1148 ut
856 1086 996 1149 eiusdem
1010 1091 1172 1165 pecuniae

118 1171 196 1230 alius
218 1179 419 1243 testamento,
445 1170 523 1230 alius
544 1173 612 1245 lege
633 1170 725 1232 heres
746 1179 845 1241 esset;
873 1169 1035 1233 infirmatio
1059 1184 1171 1235 autem

117 1256 195 1314 haee
210 1253 282 1314 erit:
304 1252 356 1315 64.
371 1254 439 1313 Nou
454 1261 503 1313 est
516 1270 577 1313 una
590 1252 740 1328 pecunia,
765 1261 946 1330 propterea,
968 1257 1050 1331 quod
1064 1259 1173 1318 altera

117 1335 227 1412 pupilli
241 1337 301 1397 iarn
314 1346 381 1397 erat
395 1338 582 1398 adventicia:
610 1337 698 1398 euius
713 1338 805 1398 heres
827 1353 890 1398 non
905 1338 954 1398 illo
969 1338 998 1397 in
1013 1346 1161 1413 tempore

117 1428 304 1481 testamento
321 1420 486 1495 quisquam
504 1419 638 1498 scriptus
656 1428 733 1496 erat,
758 1420 874 1497 siquid
889 1421 1004 1497 pupillo
1025 1421 1163 1483 accidis·

119 1512 183 1576 set3
201 1513 230 1565 et
246 1504 285 1564 de
301 1506 397 1565 altera
411 1506 508 1580 patris
524 1506 698 1566 etiamnunc
709 1505 822 1567 mortui
833 1509 978 1567 voluntas
994 1506 1161 1581 plurimum

118 1588 251 1659 valebat,
269 1604 350 1663 quae
363 1588 423 1648 iam
435 1599 557 1651 mortuo
569 1591 686 1667 pupillo
700 1589 764 1650 suis
776 1590 943 1650 heredibus
955 1590 1160 1653 concedebat.

117 1671 265 1732 iudicatio
280 1679 341 1733 est:
363 1688 465 1733 unane
481 1675 614 1749 pecunia
628 1674 733 1746 luerit3
749 1682 812 1747 aut,
827 1672 854 1733 si
869 1673 927 1734 hac
943 1682 1032 1735 erunt
1050 1673 1101 1733 usi
1115 1673 1159 1732 in-

117 1754 304 1816 firmatione:
329 1772 427 1832 posse
439 1760 546 1833 plures
562 1772 635 1819 esse
650 1758 740 1818 unius
755 1757 887 1818 heredes
901 1759 1053 1834 pecuniae
1068 1757 1160 1817 dissi-

117 1838 239 1898 milibus
258 1841 298 1900 de
314 1840 432 1913 causis3
457 1842 497 1901 de
511 1858 552 1919 eo
565 1842 635 1918 ipso
652 1858 724 1902 esse
737 1841 994 1914 controversiam,
1010 1840 1156 1903 iudicatio

117 1922 270 1982 nascitur:
281 1924 448 1997 possintne
461 1925 598 1986 eiusdem
610 1925 762 2000 pecuniae
774 1928 880 2000 plures
893 1924 1091 1995 dissimilibus
1102 1942 1154 2000 ge-

116 2003 240 2063 neribus
251 2006 384 2066 heredes
397 2011 488 2069 esse?
514 2009 607 2069 XXll.
622 2011 704 2085 Ergo
716 2026 778 2069 una
789 2009 819 2068 in
835 2009 1057 2070 constitutione
1069 2009 1155 2068 intel·

115 2090 228 2146 lectum
245 2097 307 2161 est,
332 2092 489 2165 quomodo
506 2100 537 2152 et
555 2090 695 2154 rationes
714 2102 745 2154 et
765 2093 917 2153 rationum
932 2093 1155 2154 infirmationes

117 2178 146 2229 et
160 2180 329 2247 propterea
343 2174 546 2237 iudicationes
563 2176 668 2253 plures
682 2178 767 2238 fiant.
1164 2238 1168 2242 ,

193 2259 245 2323 65.
267 2260 354 2321 Nune
374 2258 466 2320 huius
482 2259 604 2333 generis
620 2265 789 2334 praecepta
802 2256 974 2318 videamus.
1012 2255 1158 2332 Utrisque

116 2353 168 2405 aut
183 2344 274 2405 etiam
289 2344 447 2417 omnibus,
471 2342 498 2402 si
512 2343 617 2418 plures
632 2339 796 2416 ambigant,
817 2339 866 2402 ius
881 2357 923 2400 ex
938 2339 1050 2415 quibus
1065 2341 1159 2400 rebus

117 2435 252 2499 constet,
279 2426 538 2487 considerandum
558 2432 615 2485 est.
651 2424 772 2484 Initium
792 2440 867 2499 ergo
893 2424 1023 2485 eiusab
1050 2432 1160 2483 natura

116 2512 241 2569 ductum
256 2509 393 2578 videtum
410 2509 562 2583 quaedam
577 2515 677 2567 autem
693 2523 733 2566 ex
746 2506 884 2569 utilitatis
895 2506 1011 2568 ratione
1023 2513 1076 2564 aut
1087 2521 1157 2580 per·

116 2592 224 2667 spicue
244 2591 335 2651 nobis
356 2598 409 2653 aut
430 2590 565 2650 obscura
584 2590 616 2650 in
638 2589 895 2653 consuetudinem
916 2589 1057 2660 venisse3
1084 2596 1158 2664 post

115 2683 217 2736 autem
238 2675 409 2750 approbata
431 2675 582 2750 quaedam
603 2674 864 2743 aconsuetudine
885 2683 938 2736 aut
950 2691 971 2736 a
985 2689 1059 2734 vero
1074 2671 1158 2734 utilia

115 2760 184 2820 visa
199 2757 318 2835 legibus
335 2775 407 2819 esse
422 2759 556 2828 firmata;
578 2774 615 2818 ac
630 2767 757 2819 naturae
772 2757 898 2834 quidem
914 2756 962 2819 ius
978 2773 1060 2830 esse,
1075 2754 1158 2832 quod

116 2842 206 2904 nobis
222 2860 283 2905 non
299 2841 415 2919 opinio,
440 2842 497 2903 sed
512 2843 665 2918 quaedam
680 2840 783 2903 innata
796 2841 846 2902 vis
861 2843 991 2915 adierat,
1012 2848 1046 2901 ut
1059 2837 1157 2912 religi·

117 2943 218 3002 onem,
241 2926 395 3002 pietatem,
410 2925 547 3002 gratiam,
562 2923 811 2998 vindicationem,
826 2923 1067 2998 observantiam,
1083 2920 1157 2982 veri-

115 3019 218 3072 tatem.
254 3010 306 3072 66.
327 3009 520 3085 Religionem
541 3025 626 3083 eam,
653 3008 784 3084 quaein
809 3016 948 3070 metuet
974 3003 1157 3068 caerimonia

117 3095 246 3155 deorum
262 3093 315 3165 sit,
338 3095 511 3169 appelleon
534 3091 686 3168 pietatem,
710 3107 791 3167 quae
806 3106 880 3166 erga
894 3088 1025 3166 patriam
1040 3098 1093 3153 aut
1106 3104 1157 3164 pa-

115 3185 221 3234 rentes
247 3185 300 3236 aut
322 3177 401 3238 alios
427 3176 576 3252 sanguine
601 3174 785 3236 coniunctos
811 3174 949 3235 officium
974 3184 1157 3235 conservare

117 3262 257 3321 moneat3
273 3258 410 3331 gratiam,
435 3274 514 3334 quae
530 3258 561 3318 in
574 3258 768 3322 memoriaet
781 3255 1028 3319 remuneratione
1044 3254 1157 3317 officio-

115 3347 184 3421 rum
206 3341 236 3388 et
255 3333 383 3396 honoris
402 3349 435 3400 et
455 3340 655 3400 amicitiarum
676 3339 903 3400 observantiam
920 3348 1035 3409 teneat;
1064 3336 1156 3396 vindi—

118 3417 284 3480 cntionem,
310 3428 366 3483 per
391 3421 564 3489 quamnim
590 3432 620 3481 et
647 3421 860 3483 contumeliam
885 3421 1083 3483 defendendo
1107 3427 1158 3480 eut
