2575 3892
357 215 519 275 elenen.
543 174 757 275 clear-rr.
777 219 938 279 §.er-ec.
1127 212 1169 275 re

132 383 207 429 csse
227 369 279 427 aut
296 382 316 424 a
334 363 544 440 praedonibus
561 371 614 423 aut
630 364 669 421 ab
687 360 818 422 inimicis
836 372 888 426 eut
898 381 917 423 a
929 364 1019 425 nobis
1032 363 1171 427 occisum

133 468 221 524 esse,
250 450 388 510 dicemus
409 445 549 521 potuisse
572 446 621 505 vcl
640 444 787 505 alamilie
800 446 849 504 vel
862 463 882 505 a
896 447 1100 509 coheredibus
1115 464 1171 509 ne-

69 602 72 606 ,
134 534 216 594 stris.
239 532 338 605 Quum
351 530 411 590 hoc
426 529 518 590 modo
533 526 655 588 illorum
667 526 879 587 collectionem
887 528 1171 605 disturbaverimus,

134 616 225 679 nobis
252 612 391 674 latiorem
415 614 516 673 locum
541 609 728 672 defendendi
750 609 970 685 relinquemus.
1004 613 1085 687 Ergo
1110 614 1170 675 hec

135 713 263 774 quoque
278 696 434 756 uitandum
442 694 531 755 estin
543 693 748 770 expositione,
762 710 804 754 ue
814 695 949 769 quando,
965 712 1059 769 quum
1069 696 1171 758 omnia
1193 725 1197 731 ·

136 779 302 854 collegisse
317 778 488 851 videamur,
509 777 643 853 aliquam
658 777 802 838 idoneam
815 785 933 852 perlem
946 777 1172 853 reliquerimus.

65 916 75 922 ,
133 860 189 928 ec
202 864 277 922 Item
292 861 403 922 vitiosa
416 860 569 936 expositio
585 869 649 934 est,
670 877 751 936 quae
765 868 887 921 constat
900 877 942 921 ex
955 863 1034 922 falsa
1049 878 1171 921 enume-

115 981 118 984 -
132 945 376 1020 rationeaslaut,
384 952 665 1025 quumplorasunt,
671 944 820 1019 pauciora
830 944 978 1017 dicemus,
991 945 1050 1008 hec
1063 945 1172 1005 modo:

135 1030 221 1108 Duae
235 1044 287 1088 res
302 1035 388 1100 sunt,
408 1028 544 1100 iudices,
561 1044 641 1102 quae
655 1026 798 1087 homines
813 1028 853 1087 ad
866 1027 1052 1088 maleficium
1065 1028 1171 1103 impet·
1187 1043 1227 1104 qn

134 1114 216 1183 lant,
242 1110 379 1171 luxuries
401 1118 432 1171 et
451 1108 589 1169 araride.
631 1109 711 1183 Quid
732 1116 840 1186 amori
875 1112 974 1187 inquit
1004 1110 1172 1186 quispiam:

135 1193 212 1270 quid
226 1193 372 1254 ambitio?
387 1194 461 1268 quid
474 1191 605 1268 religio?
619 1192 694 1269 quid
708 1201 809 1254 metus
823 1193 950 1255 mortis?
964 1193 1039 1268 quid
1053 1192 1173 1269 imperii

135 1276 311 1352 cupiditas?
326 1276 401 1357 quid
414 1276 550 1351 denique
564 1275 624 1336 alia
637 1278 811 1353 permulta?
829 1279 906 1339 ltcm
919 1277 999 1337 falsa
1012 1278 1172 1338 enumera·

135 1360 176 1421 tio
197 1369 260 1433 cst,
283 1377 378 1436 quum
398 1359 546 1436 pauciore
565 1367 637 1421 sunt
657 1368 688 1421 et
706 1362 796 1436 plura
816 1359 962 1435 dicimuS,
982 1360 1043 1422 hcc
1063 1363 1171 1421 modo:

134 1444 210 1503 Tres
222 1459 275 1503 ces
291 1451 378 1516 scint,
405 1459 485 1518 quae
499 1442 640 1504 homines
662 1443 841 1518 sollicitant,
867 1453 984 1517 metus,
1009 1442 1172 1519 cupiditas,

135 1526 306 1599 aegritudo.
341 1526 423 1586 Satis
445 1525 526 1586 enim
550 1530 654 1588 luerat
675 1527 794 1587 dixisse
814 1535 939 1597 metum,
964 1526 1170 1601 cupiditatem,

137 1607 283 1682 quoniam
304 1608 529 1682 aegritudinem
546 1624 616 1667 cum
629 1615 759 1681 utraque
772 1625 807 1666 re
821 1609 1016 1669 coniunctam
1031 1626 1103 1670 esse
1118 1625 1171 1668 ne-

136 1706 228 1750 cesse
251 1697 308 1749 est.
338 1688 432 1750 XXll.
452 1692 530 1749 ltem
548 1688 661 1748 vitiosa
681 1690 835 1761 expositio
857 1700 920 1762 est,
946 1708 1025 1763 quae
1047 1692 1173 1751 nimium

135 1775 230 1845 longe
250 1770 416 1846 repetitur,
444 1771 504 1830 lrec
525 1771 634 1830 medo:
663 1769 808 1829 Omnium*
824 1773 974 1831 malorum
988 1773 1113 1832 stultitia
1126 1782 1175 1833 est

136 1864 249 1928 meter,
272 1864 452 1931 atquepree
472 1852 603 1913 caeteris
616 1851 697 1927 parit
710 1851 876 1913 immensas
890 1852 1084 1928 cupiditates.
1116 1857 1173 1914 lm-

135 1947 264 2002 mensae
276 1952 371 2013 porro
387 1934 571 2011 cupiditates
585 1935 738 2011 infinitae,
759 1935 978 1997 immoderatae
993 1946 1074 1999 sunt.
1090 1940 1175 2000 Haec

135 2021 258 2097 pariunt
277 2019 446 2081 avaritiam.
477 2017 617 2080 Avaritia
629 2018 724 2094 porro
738 2019 892 2081 hominem
906 2021 946 2080 ad
962 2022 1095 2095 quodvis
1108 2039 1172 2081 ma-

137 2105 270 2165 leficium
283 2102 420 2179 impellit.
446 2102 529 2177 Ergo
544 2101 672 2163 avaritia
685 2103 802 2164 inducti
815 2103 985 2165 adversarii
1000 2106 1098 2167 nostri
1112 2107 1172 2166 hoc

135 2189 168 2247 in
183 2204 218 2247 se
232 2187 352 2247 facinus
367 2185 565 2246 admiserunt.
585 2185 642 2247 Hic
658 2185 699 2258 id,
714 2187 799 2261 quod
811 2195 979 2248 extremum
989 2189 1104 2249 dictum
1115 2199 1172 2261 est,

138 2270 214 2330 satis
228 2270 284 2330 luit
298 2285 470 2345 exponere,
490 2285 530 2332 ne
543 2268 676 2329 Ennium
689 2278 720 2329 et
734 2278 874 2331 caeteros
888 2275 997 2347 poetes
1012 2271 1172 2344 imitemur,

55 2399 60 2406 .
138 2354 250 2429 quibus
264 2353 325 2413 hoc
339 2353 432 2413 modo
447 2350 533 2427 loqui
548 2368 734 2412 concessum
746 2360 810 2413 est:

208 2437 797 2498 UtmcmneinnemercPeliesecurides

210 2521 608 2594 coemeretdaerceepnc
619 2520 663 2579 ed
671 2522 904 2594 terremtrabcs,

207 2605 461 2665 Newmdeneats
471 2605 824 2666 mcdoendceexerdium

210 2687 542 2763 coepisseaquoeneno
551 2690 849 2749 nommeturnomine

201 2768 292 2840 Area
306 2768 379 2839 quic
392 2767 499 2839 Aream
512 2770 544 2826 ia
558 2781 598 2826 ce
607 2767 718 2827 delecti
730 2769 790 2824 ciri
813 2795 815 2798 ·

211 2849 293 2907 Vecte·
302 2848 441 2921 petebant
450 2852 556 2921 pellem
570 2851 744 2912 inauratam
757 2849 861 2905 arietis

204 2929 328 3002 Colchis,
342 2927 468 3003 imperio
479 2934 560 3001 repta
573 2931 684 2999 Peliae,
695 2945 753 3001 per
768 2929 885 2992 dolrem·
945 2933 949 2940 '

202 3013 280 3073 Nem
296 3027 458 3085 numquam
472 3014 548 3072 herc
560 3026 671 3070 errem
686 3025 752 3069 mea
765 3010 851 3070 mmo
863 3006 994 3079 ecferret
1004 3006 1110 3080 pedere

201 3096 314 3158 Medea
329 3099 429 3156 antino
444 3112 548 3170 capre,
565 3109 666 3156 umere
678 3109 765 3153 suevo
778 3094 885 3152 saucio

141 3182 215 3243 llam
230 3179 280 3241 hic
295 3180 371 3241 setis
387 3187 453 3240 erat
467 3178 583 3250 dicere,
601 3177 628 3237 si
643 3176 797 3249 idmodo,
814 3176 899 3251 quod
917 3181 1000 3235 esset
1015 3173 1105 3244 satis,
1122 3188 1173 3232 cu·

143 3271 247 3325 renent
260 3269 387 3339 poetae:
562 3279 564 3286 ’

227 3349 345 3408 Utinam
361 3365 398 3409 ne
411 3348 486 3410 ltere
502 3362 611 3407 err-ces
625 3361 692 3407 raca
706 3346 790 3407 demo
804 3345 936 3417 ecferret
944 3344 1054 3418 pedem

225 3433 334 3492 Medea
349 3435 449 3491 animo
460 3448 567 3505 capra,
583 3447 685 3491 amore
696 3443 784 3491 sacro
796 3431 912 3489 saucia.
1108 3493 1113 3505 ,

143 3515 305 3590 Ergohac
328 3531 455 3589 queque
475 3515 514 3573 ab
538 3516 649 3575 ultime
670 3510 904 3589 repetitionem
930 3494 1176 3575 expositionibus
