2575 3892
337 180 452 239 LIBER
472 180 508 237 11.
533 179 617 238 cni).
640 189 761 242 26—27·
786 188 811 247 S·
835 188 955 243 40-43.
1126 181 1167 243 33

127 359 226 419 quom
237 343 339 403 sicorii
354 352 407 404 aut
425 344 592 420 proditoris
605 344 741 404 attulerit
755 345 974 407 definitionem.
989 348 1066 407 item
1077 347 1166 408 vitio-

127 444 201 487 sum
216 435 264 487 est
281 444 337 503 pro
354 433 537 502 argumento
555 443 687 496 sumere,
703 428 789 501 ‚quod
805 427 835 486 in
851 430 1066 504 disquisitione
1081 431 1165 506 posi·

126 519 195 571 tum
211 518 276 581 est,
296 517 330 570 ut
345 510 372 569 si
388 510 457 583 quis
474 524 566 583 quem
582 509 655 568 furti
669 518 779 585 arguat
796 517 826 569 et
840 512 882 571 ite
896 514 985 587 dieat,
1004 532 1073 574 eum
1088 530 1162 574 esse

125 595 288 654 hominem
303 594 491 668 improbum,
506 609 644 665 ovorum,
661 593 904 667 iraudulentum
927 598 955 655 ei
968 596 1013 656 rei
1028 598 1163 658 testimo-

126 678 216 736 nium
232 693 314 748 esse,
330 678 415 751 quod
429 675 488 737 sibi
503 678 749 758 furtumfeeerit.
778 679 853 736 item
869 678 1013 739 vitiosum
1030 687 1077 739 est
1092 697 1164 740 oon-

127 759 317 819 troversiem
333 760 546 822 controversia
555 760 747 833 dissolvere,
763 762 823 820 hoe
838 763 946 822 modo:
970 765 1036 822 Non
1052 779 1163 822 conve-

127 843 183 914 nit,
201 859 365 916 censores,
384 844 476 905 istum
491 845 582 906 vobis
598 844 674 906 satis
691 847 809 916 faeere,
827 847 912 920 quod
925 846 968 905 ait
982 862 1093 917 senon
1109 863 1163 920 po-

125 927 229 987 tuisse
240 929 355 988 adesse
367 930 418 1001 ite,
434 937 468 989 ut
479 928 598 989 iuratus
610 928 711 989 tuerit.
731 928 819 1004 Quid,
828 930 856 989 si
867 930 907 989 nd
920 929 1088 990 exereitum
1101 946 1164 989 non

96 1091 100 1095 ι
126 1011 278 1084 venisset,
293 1011 416 1073 idemne
431 1014 553 1073 tribuno
566 1012 692 1073 miiitum
707 1013 845 1074 diceret?
858 1046 901 1057 --
914 1014 981 1073 Hoc
993 1013 1064 1073 ideo
1076 1012 1164 1073 vitio·

128 1111 198 1152 surn
216 1101 273 1163 est,
289 1096 435 1169 quianon
451 1096 597 1172 expedito
611 1105 665 1157 eut
678 1096 812 1157 iudicato
826 1112 886 1169 res,
904 1097 960 1156 sed
975 1096 1121 1171 impedita
1134 1104 1165 1155 et

127 1177 159 1236 in
174 1177 264 1237 simiii
277 1180 492 1240 controversia
506 1180 608 1256 posita
621 1180 756 1256 exempli
768 1183 838 1240 loeo
849 1182 1015 1256 protertur.
1029 1180 1163 1239 42'.Item

128 1260 275 1322 vitiosum
292 1271 348 1335 est,
366 1282 459 1339 quum
473 1264 521 1337 id,
537 1265 577 1324 de
592 1282 655 1338 qno
670 1280 790 1325 summa
805 1263 1020 1324 controversia
1035 1271 1092 1334 est,
1110 1280 1162 1338 pa-

128 1348 414 1420 rnmexpedituret,
424 1348 513 1423 quasi
524 1355 712 1408 transactum
725 1347 973 1422 sitretinquitur,
982 1347 1042 1406 hoe
1051 1347 1161 1406 modo:

233 1433 342 1505 Aperte
352 1432 443 1504 futur
458 1434 555 1502 dictio,
570 1436 598 1491 st*
609 1436 772 1507 tuteltt'uas:
867 1442 869 1446 ’
1125 1458 1128 1465 ’

237 1513 305 1573 Tuli
318 1515 391 1573 dori
404 1530 501 1584 ormo,
516 1518 612 1589 quotes
629 1519 683 1589 qut
692 1519 782 1588 uessit
793 1516 865 1591 suit,

234 1596 329 1673 Iubet,
344 1600 438 1672 potiri
449 1601 477 1657 st
488 1599 658 1657 studeamus
673 1600 828 1672 Perqumo.

239 1678 328 1746 Ottem
341 1697 396 1753 eoo
409 1697 454 1739 me
464 1683 610 1753 profiteor
623 1697 701 1739 esse:
721 1697 768 1740 me
782 1690 826 1740 est
842 1697 967 1754 aequum
978 1681 1049 1753 frui

235 1761 392 1819 Fraterue's
407 1763 500 1822 ermis
515 1763 643 1834 mittique
659 1763 875 1830 adiudiourter,

245 1844 298 1906 Vel
310 1845 392 1917 quod
396 1846 588 1920 propinquus
600 1846 647 1903 uel
660 1846 740 1918 quod
754 1848 859 1904 uirtute
875 1846 1015 1904 aemulus.

128 1928 205 1986 Item
221 1923 366 1988 vitiosum
387 1934 435 1986 est
453 1926 555 2002 ipsum
577 1926 635 1988 sibi
655 1926 685 1985 in
707 1944 764 1987 sue
786 1926 925 1987 oratione
942 1927 1106 1987 dissentire
1125 1934 1165 1998 et

129 2016 238 2070 eontra
252 2015 346 2084 atque
361 2018 432 2071 ante
448 2009 559 2071 dixerit
573 2010 686 2083 dicere,
703 2011 762 2072 hoo
777 2012 887 2071 modo:

214 2095 279 2164 Quo
293 2093 386 2156 causo
401 2092 652 2157 aucmentum?

129 2184 193 2236 tum
209 2177 240 2235 id
256 2180 433 2253 exputando
450 2180 614 2240 evolvere:

214 2261 290 2320 Num
306 2265 472 2337 sineretur,
489 2264 563 2337 quid
574 2279 642 2322 eum
656 2278 785 2333 accuses,
800 2265 852 2336 qui
863 2269 907 2323 est
916 2259 1048 2338 probus?

214 2342 267 2404 St'u
281 2347 510 2407 inverecundum
524 2348 619 2405 animi
631 2347 781 2419 inuentum
793 2348 932 2421 possidet,

214 2426 294 2497 Quid
306 2436 402 2490 eutem
419 2447 548 2499 oeeuses,
565 2431 619 2504 qui
631 2430 666 2487 id
672 2432 769 2505 parvi
783 2430 917 2489 auditum
931 2425 1083 2488 aestimet?

130 2511 250 2571 XXVII.
258 2512 528 2574 Noninoommoda
539 2511 788 2572 rationevidetur
799 2512 858 2573 sibi
870 2510 1056 2583 ostendisse,
1064 2526 1161 2585 quere

130 2610 189 2654 non
202 2603 373 2656 accusaret.
404 2596 503 2671 Quid?
523 2603 635 2672 postea
651 2596 724 2671 quid
739 2597 800 2657 ait?
1154 2599 1158 2607 '

253 2678 340 2739 Nuus
356 2697 411 2753 eqo
424 2687 451 2741 te
465 2681 504 2739 ab
516 2697 629 2741 summo
643 2684 704 2740 ium
718 2682 855 2741 detexam
869 2683 1003 2740 exordio.

51 2789 59 2804 ι
130 2762 181 2821 43.
192 2763 267 2820 Item
280 2761 423 2821 vitiosum
436 2768 494 2834 est,
507 2765 591 2836 quod
603 2763 715 2823 dieitur
725 2771 833 2823 eontra
847 2764 957 2823 iudieis
970 2765 1160 2821 voluntatem

132 2849 183 2901 eut
195 2855 310 2911 eorum,
324 2844 376 2914 qui
391 2845 526 2916 audient,
540 2846 568 2906 si
579 2853 632 2905 aut
646 2853 762 2920 panes,
776 2846 888 2918 quibus
901 2843 944 2903 iiii
958 2844 1092 2912 student,
1108 2849 1161 2901 aut

132 2923 287 2995 homines,
305 2942 385 2998 quos
400 2925 443 2984 iili
458 2942 548 2986 caros
564 2927 694 2996 habent,
717 2929 880 2986 laeduntur
894 2932 947 2985 aut
961 2925 1064 2999 aliquo
1081 2922 1160 2985 eius·

131 3007 212 3069 modi
229 3005 301 3068 vitio
314 3006 447 3069 laeditur
457 3007 606 3070 auditoris
617 3012 772 3069 voluntas.
793 3010 868 3068 item
881 3005 1026 3069 vitiosum
1038 3015 1086 3070 est
1096 3010 1160 3068 non

133 3106 237 3153 omnes
259 3108 309 3152 res
331 3093 529 3165 confirmare,
557 3110 634 3168 quos
656 3090 812 3169 poiiieitus
838 3093 882 3154 sis
901 3091 932 3152 in
952 3091 1158 3169 expositione.

131 3179 204 3236 Item
219 3178 388 3237 verendum
404 3183 465 3249 est,
486 3192 526 3236 ne
540 3177 580 3238 de
595 3178 657 3238 alie
676 3194 710 3238 re
726 3177 862 3249 dicatur,
880 3194 974 3252 quum
989 3177 1050 3237 ntia
1064 3178 1103 3236 de
1125 3192 1160 3235 re

133 3260 343 3321 controversie
365 3261 420 3334 sit;
445 3261 541 3337 inque
557 3259 709 3323 eiusmodi
731 3261 804 3322 vitio
821 3262 1080 3323 considerandum
1102 3266 1158 3327 est,

133 3359 169 3403 ne
182 3351 235 3403 aut
250 3343 289 3404 nd
309 3361 374 3404 rem
389 3346 522 3406 addetur
536 3346 610 3420 quid
624 3353 679 3407 eut
693 3345 847 3422 quidpiam
863 3347 901 3406 de
917 3361 952 3404 re
972 3343 1158 3407 detrahatur,

131 3434 182 3486 eut
197 3433 263 3487 tota
282 3444 377 3488 eausa
392 3436 508 3490 mutata
523 3429 555 3491 in
576 3430 667 3491 aliern
681 3446 806 3491 eausam
823 3429 996 3497 derivetur;
1016 3425 1059 3482 uti
1075 3418 1160 3488 apud

132 3508 299 3654 Ptteuvinm1
311 3512 425 3576 Zethus
441 3528 509 3573 eum
526 3514 715 3591 Amphione,
736 3530 868 3589 quorum
884 3498 1099 3643 congnoversia
1120 3494 1161 3549 de

67 3611 73 3619 ·
172 3607 265 3652 otono.
302 3638 309 3654 .
