2575 3892
124 172 187 236 teo
491 167 542 226 ou
557 161 791 225 luvuuuonu
926 242 931 255 .
1132 174 1172 230 50

122 325 193 385 dam
207 318 309 382 mitius
325 327 356 380 et
370 314 563 392 tranquillius
577 315 754 376 traducatur
768 319 799 373 et
813 310 909 374 oratio
925 319 1028 373 tamen
1043 313 1084 373 ad
1099 314 1170 377 ani-

121 423 204 467 mum
218 402 295 478 eius,
311 401 364 477 qui
379 400 492 472 audiet,
507 408 539 459 et
552 399 593 458 ad
606 395 700 457 animi
715 396 870 472 quendam
883 394 1022 457 intimum
1036 413 1169 458 sensum

122 486 382 549 accommodetur.
413 483 465 546 26.
479 479 735 542 Ratiocinationis
748 487 849 540 nutem
866 477 1064 553 suspiciones
1080 478 1167 541 infir-

122 571 231 643 mabit,
257 569 285 629 si
299 576 352 630 aut
366 566 560 629 commodum
575 565 691 625 nullum
706 562 803 624 fuisse
818 569 870 623 out
883 576 1014 637 parvum
1028 571 1081 623 aut
1095 565 1167 626 aliis

121 655 220 719 maius
236 652 334 713 fuisse
349 659 402 712 aut
416 649 509 711 nihilo
526 647 586 709 sibi
599 646 708 716 maius,
730 662 822 722 quam
836 644 914 719 aliis,
929 654 982 707 aut
994 645 1167 709 iucommo-
1261 712 1262 729 χ

122 739 197 798 dum
222 735 282 797 sibi
306 733 421 807 maius,
447 749 540 808 quam
566 731 762 793 commodum
786 728 885 799 dieet;
909 737 944 790 ut
966 746 1169 806 nequaquam

122 820 214 882 fuerit
231 818 314 879 illius
336 814 505 891 commodi,
531 815 616 891 quod
636 813 805 889 expetitum
826 812 958 884 dicatur,
984 814 1166 889 magnitudo

122 913 176 964 aut
196 918 266 965 cum
287 917 325 963 eo
338 900 552 974 incommodo,
579 897 664 975 quod
676 895 838 968 deciderit,
864 905 917 956 aut
930 912 1001 959 eum
1014 896 1066 959 illo
1082 896 1167 972 peri·

123 989 209 1062 culo,
232 986 317 1062 quod
332 986 486 1057 subeatur,
509 981 733 1057 comparandm
762 978 814 1052 qui
826 994 936 1040 omnes
950 979 1012 1040 loci
1026 978 1168 1047 diuiditur

122 1071 154 1129 in
168 1069 355 1129 incommodi
370 1084 496 1144 quoque
508 1065 657 1127 vitatione
670 1063 887 1125 tractabuntur.
922 1059 974 1127 27.
997 1062 1051 1129 sto
1070 1079 1167 1123 aceu-

123 1160 208 1212 sator
229 1150 340 1211 dixerit
361 1169 431 1212 eum
450 1151 483 1209 id
503 1166 576 1210 esso
590 1154 746 1219 secutum,
767 1146 854 1221 quod
868 1142 896 1206 ei
911 1144 1010 1207 visunt
1024 1145 1064 1206 sit
1078 1162 1167 1207 com·

122 1235 264 1305 mudum,
291 1242 344 1293 out
363 1233 396 1294 id
421 1231 553 1306 fugisse,
579 1231 665 1306 quod
689 1229 803 1305 putarit
825 1230 900 1293 csse
923 1228 1167 1300 incommodum,

123 1331 310 1392 quamquam
323 1314 355 1374 in
369 1317 449 1376 saiso
462 1315 553 1375 fuerit
567 1312 730 1390 opinione,
750 1311 1018 1396 demonstrandum
1032 1309 1089 1369 erit
1105 1311 1167 1371 de-

123 1397 241 1460 fensori
254 1398 407 1460 neminem
420 1406 505 1459 tauta
516 1414 591 1459 esse
607 1394 742 1468 stultitia,
764 1394 885 1471 quitali
899 1395 931 1459 in
943 1411 977 1457 re
991 1391 1092 1470 ppssit
1104 1409 1167 1453 ve-

124 1484 247 1544 ritatem
266 1483 421 1557 ignorare.
465 1478 584 1554 Quodsi
602 1477 634 1537 id
657 1477 856 1548 concedatur,
873 1477 947 1537 iilud
961 1492 1023 1537 non
1038 1491 1173 1539 eonces-

125 1583 195 1627 sum
211 1565 262 1637 iri,
284 1580 325 1625 ne
340 1565 502 1624 dubitasse
517 1561 642 1637 quidem
657 1561 754 1631 bunc,
775 1560 850 1636 quid
871 1560 915 1620 rei
932 1566 1031 1630 esset,
1056 1561 1114 1619 sed
1127 1560 1171 1625 id.

127 1649 213 1724 quod
229 1649 339 1710 salsum
354 1644 454 1723 iuerit,
475 1645 543 1707 sine
557 1647 620 1707 uiis
635 1643 825 1706 dubitatione
840 1659 986 1719 provere
1002 1641 1168 1719 probasse.

126 1731 246 1806 Quodsi
261 1730 420 1805 dubitarit,
447 1746 584 1792 summae
600 1726 698 1791 fuisso
712 1727 862 1791 amentiae
878 1725 972 1787 dubia
986 1742 1044 1802 spe
1058 1724 1168 1801 impul-

126 1832 196 1876 sum
211 1823 326 1875 certum
340 1814 371 1873 in
386 1813 556 1890 perieulum
571 1828 606 1873 se
620 1810 818 1874 conunittene.
839 1809 890 1874 28.
905 1808 1168 1884 Quemadmodum

120 1907 229 1958 ¹autem
250 1905 427 1971 accusator,
454 1912 549 1971 quum
569 1896 608 1954 ab
622 1893 692 1955 aliis
706 1895 829 1969 culpam
842 1892 1036 1967 demovebit‚
1059 1893 1167 1957 defen*

127 1978 208 2041 sonis
223 1979 300 2039 iocis
314 1988 423 2050 utetur,
439 1979 485 2039 sic
495 1978 533 2040 iis
545 1978 633 2051 locis,
647 1977 703 2053 qui
710 1977 886 2041 accusatori
896 1976 960 2039 dati
972 1985 1051 2050 sunt,
1065 1981 1170 2035 utatur

125 2079 209 2132 reus,
227 2061 459 2138 quuminalios
474 2063 513 2122 ab
529 2079 564 2124 se
579 2061 694 2123 crimen
708 2062 983 2123 volettmnsierre.
1078 2082 1081 2085 “
1122 2082 1125 2086 ’

205 2144 255 2206 ut
275 2146 323 2206 Ex
343 2162 480 2222 persona
500 2153 602 2208 autem
622 2144 800 2207 coniectura
813 2144 968 2220 capietur,
993 2145 1021 2205 si
1037 2157 1092 2204 eae
1105 2157 1168 2213 res,

128 2246 208 2306 quae
229 2229 374 2306 personis
394 2229 556 2291 attributae
577 2238 663 2302 sunt,
691 2228 854 2303 diligenter
878 2227 1166 2296 considerabuntur,

128 2330 207 2389 quas
228 2330 336 2376 omnes
356 2313 387 2374 in
402 2313 501 2389 pn'mo
517 2313 594 2376 libro
610 2311 822 2388 exposuimus.
854 2313 931 2375 Nam
945 2320 976 2372 et
989 2312 1028 2373 de
1043 2308 1169 2373 nonnae

127 2413 358 2471 nonnumquam
384 2396 501 2471 aliquid
526 2396 715 2473 suspicionis
741 2395 886 2459 nescitum
921 2397 1037 2456 Nomen
1063 2400 1171 2454 autem

128 2495 223 2553 quum
245 2478 391 2552 dicimus,
416 2494 589 2553 cognomen
611 2495 737 2555 quoquo
757 2479 940 2556 intelligetur
954 2484 1082 2552 oportet.
1120 2477 1172 2536 De

126 2560 260 2622 hominis
282 2561 362 2622 enirn
383 2570 467 2622 certo
489 2570 520 2623 et
539 2562 666 2638 proprio
687 2563 839 2625 vocabulo
854 2563 967 2640 eginum
990 2567 1025 2621 ut
1038 2557 1067 2619 si
1081 2556 1170 2621 dicu-

126 2661 195 2706 ntus
216 2644 332 2706 idcirco
354 2644 625 2721 aliquemCaidum
645 2646 766 2720 vocari,
794 2648 879 2724 quod
898 2642 1060 2708 temerario
1074 2650 1106 2703 et
1120 2657 1169 2702 re-

125 2729 252 2806 pentino
269 2729 397 2792 consilio
414 2729 468 2801 sit3
482 2739 537 2793 eut
550 2730 577 2792 si
586 2747 630 2792 ⁴ea
641 2731 864 2793 ⁴neheminibus
875 2728 1003 2791 Graecis
1017 2723 1170 2803 imperitis

125 2815 224 2875 verbu
238 2812 372 2884 dederit,
400 2815 486 2889 quod
500 2814 625 2876 Clodius
640 2822 693 2879 aut
705 2813 857 2879 Caecilius
872 2823 925 2877 aut
937 2812 1060 2877 Mucius
1074 2824 1170 2870 voea-

125 2906 219 2959 retur.
246 2896 298 2959 29.
319 2896 358 2958 m
371 2899 410 2957 de
425 2906 533 2959 natura
546 2896 618 2959 lieet
632 2898 821 2974 aliquantum
835 2899 951 2961 ducere
965 2892 1170 2972 suspicionis.

127 2979 237 3043 Omnia
251 2979 332 3042 enim
346 2981 433 3056 haec,
455 2982 501 3041 vir
513 2999 553 3042 an
568 2982 685 3056 mulien,
706 2982 797 3045 huius
811 3000 851 3045 an
865 2981 948 3043 illius
964 2979 1096 3042 civitatis
1112 2976 1170 3051 sit;
1261 3034 1262 3039 ,

126 3064 240 3156 quibus
256 3064 296 3126 sit
309 3063 485 3138 maioribus,
509 3065 620 3141 quibus
636 3066 884 3143 consanguineis,
903 3084 965 3143 qua
978 3073 1087 3135 aetate,
1104 3077 1169 3136 quo

125 3160 238 3235 animo,
255 3164 317 3220 quo
332 3164 472 3223 corpore,
489 3167 569 3225 quae
584 3158 711 3213 naturae
723 3160 797 3216 suut
810 3150 962 3223 attributa,
978 3150 1019 3212 ad
1033 3147 1172 3222 aliquam

126 3234 335 3286 coniecturam
349 3232 522 3293 faciendam
535 3233 741 3308 pertinebunt.
772 3236 811 3298 Et
825 3253 865 3296 cx
880 3232 964 3295 victu
978 3234 1091 3297 multae
1106 3237 1170 3290 tna-

126 3301 240 3393 huntun
254 3310 466 3386 suspiciones,
490 3334 599 3391 quum,
623 3319 882 3393 quemadmodum
896 3324 927 3378 et
940 3310 1027 3393 apud
1040 3329 1122 3390 quos
1138 3320 1172 3374 θῐ

124 3396 146 3436 s
161 3382 272 3451 quibus
293 3390 442 3495 educatus
458 3406 488 3454 et
502 3400 639 3461 erud-itus
653 3401 707 3472 sit,
736 3401 906 3475 quaeritur,
929 3409 965 3460 et
980 3399 1171 3475 quibuscum
