2575 3892
93 174 134 235 56
433 171 487 230 ΑΙ)
512 173 543 232 C.
565 171 794 234 HERENNIUM

93 341 191 401 moria
218 345 382 399 contentus
408 337 468 409 sis,
496 340 581 413 quod
606 348 637 399 et
662 339 765 401 utilior
794 340 834 400 sit
858 349 889 402 et
915 343 985 414 plus
1015 341 1140 401 habeat

93 421 261 494 facilitatis,
283 422 496 482 admonendus
512 437 561 494 es,
585 438 681 497 quare
696 423 860 483 verborum
874 422 1050 484 memoriam
1067 441 1136 489 non

92 505 314 580 improbemus,
348 506 424 564 Nam
439 513 582 580 putamus
597 510 741 580 oportere
757 520 828 579 eos,
846 507 898 580 qui
911 505 1007 566 velint
1020 524 1071 567 res
1087 509 1135 569 la-

93 587 216 648 ciliores
238 588 306 649 sine
326 589 431 650 labore
452 598 483 648 et
501 587 642 649 molestia
662 588 752 651 saone
772 589 965 661 meminisse,
991 589 1022 649 in
1036 591 1135 653 rebus

93 671 319 733 difficilioribus
334 687 406 733 esse
419 680 490 732 ante
505 671 699 732 exercitatos.
720 672 784 732 Nee
802 689 860 735 nos
874 673 954 733 hane
968 675 1136 734 verborum

92 755 271 816 memoriam
284 755 467 827 inducimus,
483 764 516 816 ut
528 771 638 815 versus
653 754 830 817 meminisse
844 755 1011 831 possimus,
1027 758 1083 816 sed
1098 767 1139 818 ut

92 838 150 898 hac
165 839 384 901 exercitatione
399 838 450 899 illa
463 856 566 900 rerum
579 839 735 911 memoria,
758 855 838 914 quae
852 838 984 914 pertinet
997 841 1037 899 od
1051 841 1131 899 utili-

92 931 200 995 tatem,
224 924 434 994 confirmatum
460 931 494 985 ut
507 924 546 983 ab
560 923 618 982 hac
634 922 757 983 difficili
766 923 990 984 consuetudine
1005 922 1071 982 sine
1086 926 1136 982 la·-

91 1006 169 1067 bore
189 1008 230 1066 ad
250 1006 333 1067 illam
348 1005 520 1068 facilitatem
536 1006 669 1067 nansire
682 1005 848 1081 possimus.
883 1004 935 1067 40.
957 1005 1021 1067 Sed
1036 1024 1133 1082 quum

91 1090 124 1148 in
147 1089 230 1149 omni
251 1089 415 1166 disciplina
433 1090 554 1150 infirma
573 1099 621 1151 est
640 1090 715 1150 artis
735 1090 914 1166 praeceptio
930 1089 997 1149 sine
1011 1105 1132 1151 summa

92 1171 277 1230 adsiduitate
293 1171 531 1244 exercitationis,
542 1179 607 1230 tum
619 1170 741 1230 veroin
757 1168 959 1245 mnemouipis
974 1166 1133 1243 minimum

91 1258 175 1313 valet
189 1253 339 1333 doctrina,
354 1253 413 1333 nisi
427 1253 591 1324 industria,
607 1254 726 1324 studio,
738 1254 863 1324 labore,
879 1248 1036 1326 diligentia
1049 1266 1133 1310 com-

91 1336 251 1412 probatur.
281 1337 375 1409 Quam
390 1335 540 1410 plurimos
554 1336 644 1396 locos
660 1342 694 1396 ut
708 1337 825 1396 habeas
841 1346 872 1396 et
892 1352 985 1411 quam
1000 1335 1132 1395 maxime

93 1421 134 1479 ad
154 1427 323 1494 praecepta
345 1421 599 1481 accommodatos
622 1436 732 1480 curare
756 1419 873 1493 poteris
894 1419 926 1478 in
947 1417 1130 1493 imaginibus

95 1503 286 1564 collocandis
295 1520 302 1562 :
311 1502 455 1587 ‚exerceri
466 1503 578 1564 cotidie
590 1503 745 1587 convenit.
757 1505 824 1563 Non
837 1503 927 1574 enirn,
941 1502 1021 1563 sicut
1031 1519 1049 1561 a
1061 1516 1130 1561 cae

97 1589 170 1648 teris
191 1588 300 1649 studiis
321 1588 500 1649 abducimur
515 1588 745 1663 nonnumquam
760 1588 980 1663 occupatione,
1007 1588 1078 1648 item
1093 1587 1136 1646 ab

96 1671 153 1731 hac
165 1688 199 1731 rc
211 1688 269 1732 nos
280 1680 384 1747 potest
394 1688 489 1732 causa
500 1672 654 1734 deducere
666 1672 779 1747 aliqua
799 1672 971 1748 Numquam
982 1681 1029 1733 est
1040 1671 1137 1743 enim,

97 1755 169 1829 quin
185 1755 302 1832 aliquid
314 1757 481 1817 memoriae
494 1758 614 1815 tradere
624 1755 755 1816 velimus
767 1763 797 1816 et
807 1765 870 1819 tum
880 1755 1021 1826 maxime,
1038 1772 1136 1829 quum

96 1838 198 1915 aliquo
213 1840 329 1901 maiore
342 1840 468 1915 negotio
487 1839 667 1901 detinemur.
691 1840 789 1911 Quare
801 1857 895 1911 quum
907 1838 946 1897 sit
957 1838 1029 1897 utile
1041 1838 1133 1897 facile

95 1923 286 1995 meminisse,
303 1938 365 1983 non
380 1932 410 1983 te
424 1922 514 1994 lallit,
532 1923 615 1997 qnod
629 1930 789 1995 tantopere
804 1920 876 1979 utile
892 1919 939 1989 sit,
958 1929 1071 1992 quanto
1088 1923 1135 1978 la-

96 2006 170 2065 bore
186 2005 225 2064 sit
239 2007 463 2079 appetendum;
489 2007 573 2079 quod
587 2002 704 2079 poteris
719 2001 909 2072 existimare,
935 1999 1062 2061 utilitate
1078 2017 1130 2061 oo-

95 2089 187 2162 gnita.
208 2087 348 2148 Pluribus
362 2088 465 2148 verbis
481 2090 522 2148 ad
536 2105 603 2149 cam
617 2096 647 2148 te
661 2084 816 2146 adhortari
830 2100 893 2145 non
908 2092 956 2144 est
969 2083 1131 2157 sententia,

94 2188 134 2230 ne
148 2181 200 2232 aut
213 2180 266 2232 tuo
278 2171 379 2233 studio
392 2171 486 2233 diffisi
496 2180 548 2232 aut
559 2170 670 2245 minus,
687 2185 778 2246 quam
788 2184 839 2228 res
851 2168 995 2242 postulat,
1012 2167 1134 2226 dixisse

92 2254 262 2316 videamur.
289 2257 334 2316 De
350 2256 455 2332 quinta
470 2265 557 2331 parte
571 2255 743 2317 rhetoricae
759 2252 907 2326 deinceps
923 2250 1076 2312 dicemus:
1098 2260 1129 2310 tu

93 2338 209 2413 primas
224 2356 364 2416 <lucaque
379 2349 483 2415 partes
498 2340 529 2398 in
544 2341 645 2400 animo
662 2341 823 2412 nequenta
836 2344 875 2408 et,
900 2336 983 2409 quod
998 2333 1131 2395 maxime

93 2437 225 2484 necesse
241 2432 295 2494 est,
312 2423 531 2483 exercitatione
546 2423 702 2484 confirma.
