<?xml version="1.0" encoding="UTF-8"?>
<!DOCTYPE html PUBLIC "-//W3C//DTD XHTML 1.0 Transitional//EN"
    "http://www.w3.org/TR/xhtml1/DTD/xhtml1-transitional.dtd">
<html xmlns="http://www.w3.org/1999/xhtml" xml:lang="en" lang="en">
 <head>
  <title>
</title>
<meta http-equiv="Content-Type" content="text/html;charset=utf-8" />
  <meta name='ocr-system' content='tesseract 3.04.00' />
  <meta name='ocr-capabilities' content='ocr_page ocr_carea ocr_par ocr_line ocrx_word'/>
</head>
<body>
  <div class='ocr_page' id='page_1' title='image "./mtulliiciceroni00friegoog_0234.png"; bbox 0 0 2575 3892; ppageno 0'>
   <div class='ocr_carea' id='block_1_1' title="bbox 108 137 1167 208">
    <p class='ocr_par' dir='ltr' id='par_1_1' title="bbox 108 137 1167 208">
     <span class='ocr_line' id='line_1_1' title="bbox 108 137 1167 208; baseline -0.008 -2"><span class='ocrx_word' id='word_1_1' title='bbox 108 145 170 208; x_wconf 79' lang='lat'>184</span> <span class='ocrx_word' id='word_1_2' title='bbox 417 161 420 165; x_wconf 61' lang='grc'><em>“</em></span> <span class='ocrx_word' id='word_1_3' title='bbox 478 140 529 203; x_wconf 86' lang='lat' dir='ltr'>DE</span> <span class='ocrx_word' id='word_1_4' title='bbox 551 137 786 200; x_wconf 84' lang='lat' dir='ltr'><strong>INVENTIONE</strong></span> <span class='ocrx_word' id='word_1_5' title='bbox 1120 144 1167 198; x_wconf 75' lang='lat'>82</span> 
     </span>
    </p>
   </div>
   <div class='ocr_carea' id='block_1_2' title="bbox 105 296 1165 470">
    <p class='ocr_par' dir='ltr' id='par_1_2' title="bbox 105 296 1165 470">
     <span class='ocr_line' id='line_1_2' title="bbox 105 296 1164 382; baseline -0.012 -10"><span class='ocrx_word' id='word_1_6' title='bbox 105 296 221 372; x_wconf 85' lang='lat' dir='ltr'>minum</span> <span class='ocrx_word' id='word_1_7' title='bbox 242 308 449 369; x_wconf 85' lang='lat' dir='ltr'>infirmitatem</span> <span class='ocrx_word' id='word_1_8' title='bbox 462 321 561 382; x_wconf 90' lang='lat' dir='ltr'>posse</span> <span class='ocrx_word' id='word_1_9' title='bbox 578 300 726 367; x_wconf 86' lang='lat' dir='ltr'>damnari.</span> <span class='ocrx_word' id='word_1_10' title='bbox 761 300 879 363; x_wconf 80' lang='lat' dir='ltr'>Deinde</span> <span class='ocrx_word' id='word_1_11' title='bbox 895 299 968 360; x_wconf 90' lang='lat' dir='ltr'>nibil</span> <span class='ocrx_word' id='word_1_12' title='bbox 981 314 1056 361; x_wconf 88' lang='lat' dir='ltr'>esse</span> <span class='ocrx_word' id='word_1_13' title='bbox 1073 300 1164 360; x_wconf 90' lang='lat' dir='ltr'>indi-</span> 
     </span>
     <span class='ocr_line' id='line_1_3' title="bbox 105 382 1165 470; baseline -0.011 -14"><span class='ocrx_word' id='word_1_14' title='bbox 105 393 212 470; x_wconf 85' lang='lat' dir='ltr'>gnius,</span> <span class='ocrx_word' id='word_1_15' title='bbox 228 408 320 468; x_wconf 91' lang='lat' dir='ltr'>quam</span> <span class='ocrx_word' id='word_1_16' title='bbox 338 407 423 464; x_wconf 90' lang='lat' dir='ltr'>eum,</span> <span class='ocrx_word' id='word_1_17' title='bbox 446 391 499 467; x_wconf 90' lang='lat' dir='ltr'>qui</span> <span class='ocrx_word' id='word_1_18' title='bbox 519 393 610 466; x_wconf 82' lang='lat' dir='ltr'>culpa</span> <span class='ocrx_word' id='word_1_19' title='bbox 630 395 750 457; x_wconf 87' lang='lat' dir='ltr'>careat,</span> <span class='ocrx_word' id='word_1_20' title='bbox 771 382 924 460; x_wconf 84' lang='lat' dir='ltr'>supplicio</span> <span class='ocrx_word' id='word_1_21' title='bbox 945 401 1009 446; x_wconf 93' lang='lat' dir='ltr'>non</span> <span class='ocrx_word' id='word_1_22' title='bbox 1031 400 1165 444; x_wconf 86' lang='lat' dir='ltr'>carere.</span> 
     </span>
    </p>
   </div>
   <div class='ocr_carea' id='block_1_3' title="bbox 106 468 1164 630">
    <p class='ocr_par' dir='ltr' id='par_1_3' title="bbox 106 468 1164 630">
     <span class='ocr_line' id='line_1_4' title="bbox 106 468 1164 545; baseline -0.01 -6"><span class='ocrx_word' id='word_1_23' title='bbox 106 477 181 539; x_wconf 91' lang='lat' dir='ltr'>Loci</span> <span class='ocrx_word' id='word_1_24' title='bbox 206 483 309 537; x_wconf 88' lang='lat' dir='ltr'>autem</span> <span class='ocrx_word' id='word_1_25' title='bbox 336 490 530 536; x_wconf 85' lang='lat' dir='ltr'>communes:</span> <span class='ocrx_word' id='word_1_26' title='bbox 563 471 755 534; x_wconf 84' lang='lat' dir='ltr'>accusatoris</span> <span class='ocrx_word' id='word_1_27' title='bbox 785 470 816 529; x_wconf 88' lang='lat' dir='ltr'>in</span> <span class='ocrx_word' id='word_1_28' title='bbox 843 468 1094 545; x_wconf 84' lang='lat' dir='ltr'>contessionem,</span> <span class='ocrx_word' id='word_1_29' title='bbox 1125 476 1164 528; x_wconf 84' lang='lat' dir='ltr'>et</span> 
     </span>
     <span class='ocr_line' id='line_1_5' title="bbox 106 550 1162 630; baseline 0.002 -17"><span class='ocrx_word' id='word_1_30' title='bbox 106 561 222 629; x_wconf 81' lang='lat' dir='ltr'>quanta</span> <span class='ocrx_word' id='word_1_31' title='bbox 235 561 375 628; x_wconf 86' lang='lat' dir='ltr'>potestas</span> <span class='ocrx_word' id='word_1_32' title='bbox 390 550 541 627; x_wconf 88' lang='lat' dir='ltr'>peccandi</span> <span class='ocrx_word' id='word_1_33' title='bbox 554 552 754 625; x_wconf 77' lang='lat' dir='ltr'><strong>relinquatur,</strong></span> <span class='ocrx_word' id='word_1_34' title='bbox 768 550 795 610; x_wconf 90' lang='lat' dir='ltr'>si</span> <span class='ocrx_word' id='word_1_35' title='bbox 810 553 907 611; x_wconf 89' lang='lat' dir='ltr'>semel</span> <span class='ocrx_word' id='word_1_36' title='bbox 918 551 1093 614; x_wconf 88' lang='lat' dir='ltr'>institutum</span> <span class='ocrx_word' id='word_1_37' title='bbox 1105 555 1162 630; x_wconf 88' lang='lat' dir='ltr'>sit,</span> 
     </span>
    </p>
   </div>
   <div class='ocr_carea' id='block_1_4' title="bbox 43 633 1160 3452">
    <p class='ocr_par' dir='ltr' id='par_1_4' title="bbox 43 633 1160 2214">
     <span class='ocr_line' id='line_1_6' title="bbox 104 633 1159 708; baseline 0.003 -12"><span class='ocrx_word' id='word_1_38' title='bbox 104 647 139 697; x_wconf 89' lang='lat' dir='ltr'>ut</span> <span class='ocrx_word' id='word_1_39' title='bbox 160 651 224 696; x_wconf 87' lang='lat' dir='ltr'>non</span> <span class='ocrx_word' id='word_1_40' title='bbox 244 635 283 695; x_wconf 93' lang='lat' dir='ltr'>de</span> <span class='ocrx_word' id='word_1_41' title='bbox 298 637 396 708; x_wconf 87' lang='lat' dir='ltr'>lacto,</span> <span class='ocrx_word' id='word_1_42' title='bbox 422 635 478 695; x_wconf 92' lang='lat' dir='ltr'>sed</span> <span class='ocrx_word' id='word_1_43' title='bbox 493 635 532 694; x_wconf 96' lang='lat' dir='ltr'>de</span> <span class='ocrx_word' id='word_1_44' title='bbox 545 633 618 695; x_wconf 84' lang='lat' dir='ltr'>facti</span> <span class='ocrx_word' id='word_1_45' title='bbox 633 650 729 695; x_wconf 88' lang='lat' dir='ltr'>causa</span> <span class='ocrx_word' id='word_1_46' title='bbox 744 643 925 708; x_wconf 76' lang='lat' dir='ltr'>quaeratur-2</span> <span class='ocrx_word' id='word_1_47' title='bbox 956 634 1027 699; x_wconf 71' lang='lat'>102.</span> <span class='ocrx_word' id='word_1_48' title='bbox 1045 638 1159 699; x_wconf 81' lang='lat' dir='ltr'>delen-</span> 
     </span>
     <span class='ocr_line' id='line_1_7' title="bbox 106 716 1160 794; baseline 0.001 -14"><span class='ocrx_word' id='word_1_49' title='bbox 106 718 188 780; x_wconf 88' lang='lat' dir='ltr'>soris</span> <span class='ocrx_word' id='word_1_50' title='bbox 210 718 394 793; x_wconf 90' lang='lat' dir='ltr'>conquestio</span> <span class='ocrx_word' id='word_1_51' title='bbox 417 726 463 779; x_wconf 87' lang='lat' dir='ltr'>est</span> <span class='ocrx_word' id='word_1_52' title='bbox 479 716 658 778; x_wconf 86' lang='lat' dir='ltr'>calamitatis</span> <span class='ocrx_word' id='word_1_53' title='bbox 673 718 757 789; x_wconf 85' lang='lat' dir='ltr'>eius,</span> <span class='ocrx_word' id='word_1_54' title='bbox 785 733 865 791; x_wconf 89' lang='lat' dir='ltr'>quae</span> <span class='ocrx_word' id='word_1_55' title='bbox 879 733 943 778; x_wconf 90' lang='lat' dir='ltr'>non</span> <span class='ocrx_word' id='word_1_56' title='bbox 958 721 1067 794; x_wconf 87' lang='lat' dir='ltr'>culpa,</span> <span class='ocrx_word' id='word_1_57' title='bbox 1095 722 1160 781; x_wconf 86' lang='lat' dir='ltr'>sed</span> 
     </span>
     <span class='ocr_line' id='line_1_8' title="bbox 103 800 1155 877; baseline 0.004 -17"><span class='ocrx_word' id='word_1_58' title='bbox 103 801 136 861; x_wconf 88' lang='lat' dir='ltr'>vi</span> <span class='ocrx_word' id='word_1_59' title='bbox 157 801 275 862; x_wconf 90' lang='lat' dir='ltr'>maiore</span> <span class='ocrx_word' id='word_1_60' title='bbox 291 800 425 877; x_wconf 80' lang='lat' dir='ltr'>quadam</span> <span class='ocrx_word' id='word_1_61' title='bbox 439 800 600 876; x_wconf 85' lang='lat' dir='ltr'>acciderit,</span> <span class='ocrx_word' id='word_1_62' title='bbox 626 801 711 861; x_wconf 90' lang='lat' dir='ltr'>etde</span> <span class='ocrx_word' id='word_1_63' title='bbox 726 800 1037 875; x_wconf 85' lang='lat' dir='ltr'>loramaepotestate</span> <span class='ocrx_word' id='word_1_64' title='bbox 1052 811 1082 863; x_wconf 91' lang='lat' dir='ltr'>et</span> <span class='ocrx_word' id='word_1_65' title='bbox 1095 804 1155 864; x_wconf 91' lang='lat' dir='ltr'>ho-</span> 
     </span>
     <span class='ocr_line' id='line_1_9' title="bbox 103 882 1156 957; baseline 0.001 -12"><span class='ocrx_word' id='word_1_66' title='bbox 103 885 220 946; x_wconf 84' lang='lat' dir='ltr'>minum</span> <span class='ocrx_word' id='word_1_67' title='bbox 234 882 408 944; x_wconf 85' lang='lat' dir='ltr'>infirmitate</span> <span class='ocrx_word' id='word_1_68' title='bbox 423 891 462 956; x_wconf 87' lang='lat' dir='ltr'>et,</span> <span class='ocrx_word' id='word_1_69' title='bbox 477 883 520 943; x_wconf 91' lang='lat' dir='ltr'>uti</span> <span class='ocrx_word' id='word_1_70' title='bbox 535 901 625 945; x_wconf 89' lang='lat' dir='ltr'>suum</span> <span class='ocrx_word' id='word_1_71' title='bbox 640 883 789 957; x_wconf 90' lang='lat' dir='ltr'>animum,</span> <span class='ocrx_word' id='word_1_72' title='bbox 811 901 873 944; x_wconf 90' lang='lat' dir='ltr'>nou</span> <span class='ocrx_word' id='word_1_73' title='bbox 888 891 1033 945; x_wconf 88' lang='lat' dir='ltr'>eventum</span> <span class='ocrx_word' id='word_1_74' title='bbox 1048 887 1156 946; x_wconf 86' lang='lat' dir='ltr'>consi-</span> 
     </span>
     <span class='ocr_line' id='line_1_10' title="bbox 105 966 1156 1043; baseline 0.002 -15"><span class='ocrx_word' id='word_1_75' title='bbox 105 970 222 1028; x_wconf 89' lang='lat' dir='ltr'>derent.</span> <span class='ocrx_word' id='word_1_76' title='bbox 240 969 276 1027; x_wconf 90' lang='lat' dir='ltr'>ln</span> <span class='ocrx_word' id='word_1_77' title='bbox 292 966 405 1043; x_wconf 88' lang='lat' dir='ltr'>quibus</span> <span class='ocrx_word' id='word_1_78' title='bbox 421 966 563 1029; x_wconf 90' lang='lat' dir='ltr'>omuibus</span> <span class='ocrx_word' id='word_1_79' title='bbox 578 967 834 1042; x_wconf 78' lang='lat' dir='ltr'>conquestionem</span> <span class='ocrx_word' id='word_1_80' title='bbox 850 983 977 1028; x_wconf 86' lang='lat' dir='ltr'>suarum</span> <span class='ocrx_word' id='word_1_81' title='bbox 990 984 1156 1030; x_wconf 85' lang='lat' dir='ltr'>aerumna-</span> 
     </span>
     <span class='ocr_line' id='line_1_11' title="bbox 102 1048 1156 1127; baseline 0.002 -17"><span class='ocrx_word' id='word_1_82' title='bbox 102 1068 172 1113; x_wconf 85' lang='lat' dir='ltr'>rum</span> <span class='ocrx_word' id='word_1_83' title='bbox 187 1059 219 1113; x_wconf 90' lang='lat' dir='ltr'>et</span> <span class='ocrx_word' id='word_1_84' title='bbox 229 1048 417 1113; x_wconf 77' lang='lat' dir='ltr'>crudelitatis</span> <span class='ocrx_word' id='word_1_85' title='bbox 429 1050 678 1113; x_wconf 89' lang='lat' dir='ltr'>adversariorum</span> <span class='ocrx_word' id='word_1_86' title='bbox 690 1050 931 1125; x_wconf 80' lang='lat' dir='ltr'>indignationem</span> <span class='ocrx_word' id='word_1_87' title='bbox 940 1051 1045 1112; x_wconf 87' lang='lat' dir='ltr'>inesse</span> <span class='ocrx_word' id='word_1_88' title='bbox 1057 1070 1156 1127; x_wconf 89' lang='lat' dir='ltr'>opor-</span> 
     </span>
     <span class='ocr_line' id='line_1_12' title="bbox 105 1130 1155 1207; baseline 0.002 -12"><span class='ocrx_word' id='word_1_89' title='bbox 105 1135 188 1196; x_wconf 88' lang='lat' dir='ltr'>tebit.</span> <span class='ocrx_word' id='word_1_90' title='bbox 210 1136 257 1195; x_wconf 81' lang='lat' dir='ltr'>Ac</span> <span class='ocrx_word' id='word_1_91' title='bbox 272 1134 426 1195; x_wconf 88' lang='lat' dir='ltr'>neminem</span> <span class='ocrx_word' id='word_1_92' title='bbox 439 1134 542 1195; x_wconf 86' lang='lat' dir='ltr'>mirari</span> <span class='ocrx_word' id='word_1_93' title='bbox 557 1133 730 1207; x_wconf 83' lang='lat' dir='ltr'>conveniet,</span> <span class='ocrx_word' id='word_1_94' title='bbox 747 1135 774 1195; x_wconf 88' lang='lat' dir='ltr'>si</span> <span class='ocrx_word' id='word_1_95' title='bbox 789 1132 886 1196; x_wconf 88' lang='lat' dir='ltr'>autin</span> <span class='ocrx_word' id='word_1_96' title='bbox 902 1133 950 1195; x_wconf 88' lang='lat' dir='ltr'>his</span> <span class='ocrx_word' id='word_1_97' title='bbox 965 1130 1062 1196; x_wconf 89' lang='lat' dir='ltr'>autin</span> <span class='ocrx_word' id='word_1_98' title='bbox 1078 1136 1155 1197; x_wconf 88' lang='lat' dir='ltr'>aliis</span> 
     </span>
     <span class='ocr_line' id='line_1_13' title="bbox 105 1216 1155 1292; baseline 0 -15"><span class='ocrx_word' id='word_1_99' title='bbox 105 1217 256 1292; x_wconf 88' lang='lat' dir='ltr'>exemplis</span> <span class='ocrx_word' id='word_1_100' title='bbox 278 1217 385 1292; x_wconf 88' lang='lat' dir='ltr'>scripti</span> <span class='ocrx_word' id='word_1_101' title='bbox 406 1233 533 1292; x_wconf 84' lang='lat' dir='ltr'>quoque</span> <span class='ocrx_word' id='word_1_102' title='bbox 553 1217 798 1279; x_wconf 87' lang='lat' dir='ltr'>controversiam</span> <span class='ocrx_word' id='word_1_103' title='bbox 822 1216 996 1280; x_wconf 89' lang='lat' dir='ltr'>adiunctam</span> <span class='ocrx_word' id='word_1_104' title='bbox 1021 1219 1155 1280; x_wconf 86' lang='lat' dir='ltr'>videbit.</span> 
     </span>
     <span class='ocr_line' id='line_1_14' title="bbox 43 1299 1152 1376; baseline 0.001 -17"><span class='ocrx_word' id='word_1_105' title='bbox 43 1339 47 1349; x_wconf 85' lang='lat'>-</span> <span class='ocrx_word' id='word_1_106' title='bbox 105 1302 171 1374; x_wconf 77' lang='lat' dir='ltr'>Quo</span> <span class='ocrx_word' id='word_1_107' title='bbox 188 1301 227 1359; x_wconf 92' lang='lat' dir='ltr'>de</span> <span class='ocrx_word' id='word_1_108' title='bbox 236 1315 350 1374; x_wconf 79' lang='lat' dir='ltr'>genere</span> <span class='ocrx_word' id='word_1_109' title='bbox 362 1307 435 1374; x_wconf 89' lang='lat' dir='ltr'>post</span> <span class='ocrx_word' id='word_1_110' title='bbox 446 1299 503 1359; x_wconf 86' lang='lat' dir='ltr'>erit</span> <span class='ocrx_word' id='word_1_111' title='bbox 513 1299 604 1362; x_wconf 90' lang='lat' dir='ltr'>nobis</span> <span class='ocrx_word' id='word_1_112' title='bbox 617 1301 782 1376; x_wconf 90' lang='lat' dir='ltr'>separatim</span> <span class='ocrx_word' id='word_1_113' title='bbox 795 1301 966 1375; x_wconf 87' lang='lat' dir='ltr'>dicendum,</span> <span class='ocrx_word' id='word_1_114' title='bbox 980 1309 1152 1375; x_wconf 81' lang='lat' dir='ltr'>propterea</span> 
     </span>
     <span class='ocr_line' id='line_1_15' title="bbox 106 1382 1152 1459; baseline -0.001 -16"><span class='ocrx_word' id='word_1_115' title='bbox 106 1384 190 1458; x_wconf 86' lang='lat' dir='ltr'>quod</span> <span class='ocrx_word' id='word_1_116' title='bbox 213 1383 365 1457; x_wconf 88' lang='lat' dir='ltr'>quaedam</span> <span class='ocrx_word' id='word_1_117' title='bbox 385 1398 501 1456; x_wconf 88' lang='lat' dir='ltr'>genera</span> <span class='ocrx_word' id='word_1_118' title='bbox 521 1397 687 1445; x_wconf 87' lang='lat' dir='ltr'>causarum</span> <span class='ocrx_word' id='word_1_119' title='bbox 706 1384 889 1459; x_wconf 86' lang='lat' dir='ltr'>simpliciter</span> <span class='ocrx_word' id='word_1_120' title='bbox 903 1401 944 1447; x_wconf 88' lang='lat' dir='ltr'>ex</span> <span class='ocrx_word' id='word_1_121' title='bbox 957 1400 1012 1444; x_wconf 90' lang='lat' dir='ltr'>sua</span> <span class='ocrx_word' id='word_1_122' title='bbox 1023 1382 1055 1442; x_wconf 82' lang='lat' dir='ltr'>vi</span> <span class='ocrx_word' id='word_1_123' title='bbox 1068 1399 1152 1444; x_wconf 88' lang='lat' dir='ltr'>con-</span> 
     </span>
     <span class='ocr_line' id='line_1_16' title="bbox 106 1466 1154 1544; baseline -0.001 -17"><span class='ocrx_word' id='word_1_124' title='bbox 106 1467 294 1542; x_wconf 87' lang='lat' dir='ltr'>siderantur,</span> <span class='ocrx_word' id='word_1_125' title='bbox 320 1467 472 1542; x_wconf 84' lang='lat' dir='ltr'>quaedam</span> <span class='ocrx_word' id='word_1_126' title='bbox 492 1474 594 1526; x_wconf 88' lang='lat' dir='ltr'>autem</span> <span class='ocrx_word' id='word_1_127' title='bbox 615 1466 675 1528; x_wconf 90' lang='lat' dir='ltr'>sibi</span> <span class='ocrx_word' id='word_1_128' title='bbox 695 1468 779 1529; x_wconf 90' lang='lat' dir='ltr'>aliud</span> <span class='ocrx_word' id='word_1_129' title='bbox 795 1485 920 1544; x_wconf 86' lang='lat' dir='ltr'>quoque</span> <span class='ocrx_word' id='word_1_130' title='bbox 933 1467 1060 1543; x_wconf 82' lang='lat' dir='ltr'>aliquod</span> <span class='ocrx_word' id='word_1_131' title='bbox 1074 1484 1154 1526; x_wconf 92' lang='lat' dir='ltr'>con-</span> 
     </span>
     <span class='ocr_line' id='line_1_17' title="bbox 105 1548 1156 1626; baseline 0 -16"><span class='ocrx_word' id='word_1_132' title='bbox 105 1548 276 1612; x_wconf 71' lang='lat' dir='ltr'>*roversiae</span> <span class='ocrx_word' id='word_1_133' title='bbox 295 1565 395 1625; x_wconf 88' lang='lat' dir='ltr'>genus</span> <span class='ocrx_word' id='word_1_134' title='bbox 416 1550 591 1613; x_wconf 87' lang='lat' dir='ltr'>adsumunt.</span> <span class='ocrx_word' id='word_1_135' title='bbox 627 1549 700 1614; x_wconf 84' lang='lat'>103.</span> <span class='ocrx_word' id='word_1_136' title='bbox 723 1551 823 1626; x_wconf 80' lang='lat' dir='ltr'>Quare</span> <span class='ocrx_word' id='word_1_137' title='bbox 844 1551 985 1613; x_wconf 88' lang='lat' dir='ltr'>omnibus</span> <span class='ocrx_word' id='word_1_138' title='bbox 1006 1550 1156 1626; x_wconf 88' lang='lat' dir='ltr'>cognitis,</span> 
     </span>
     <span class='ocr_line' id='line_1_18' title="bbox 107 1631 1155 1710; baseline -0.002 -15"><span class='ocrx_word' id='word_1_139' title='bbox 107 1650 167 1695; x_wconf 91' lang='lat' dir='ltr'>non</span> <span class='ocrx_word' id='word_1_140' title='bbox 183 1633 240 1694; x_wconf 86' lang='lat' dir='ltr'>erit</span> <span class='ocrx_word' id='word_1_141' title='bbox 255 1631 380 1694; x_wconf 67' lang='lat' dir='ltr'>dificile</span> <span class='ocrx_word' id='word_1_142' title='bbox 394 1633 425 1693; x_wconf 93' lang='lat' dir='ltr'>in</span> <span class='ocrx_word' id='word_1_143' title='bbox 440 1650 533 1694; x_wconf 89' lang='lat' dir='ltr'>unam</span> <span class='ocrx_word' id='word_1_144' title='bbox 549 1650 704 1710; x_wconf 85' lang='lat' dir='ltr'>quamque</span> <span class='ocrx_word' id='word_1_145' title='bbox 719 1651 848 1699; x_wconf 87' lang='lat' dir='ltr'>causam</span> <span class='ocrx_word' id='word_1_146' title='bbox 858 1635 1040 1705; x_wconf 79' lang='lat' dir='ltr'>transferre,</span> <span class='ocrx_word' id='word_1_147' title='bbox 1064 1636 1155 1709; x_wconf 91' lang='lat' dir='ltr'>quod</span> 
     </span>
     <span class='ocr_line' id='line_1_19' title="bbox 107 1717 1152 1793; baseline -0.001 -15"><span class='ocrx_word' id='word_1_148' title='bbox 107 1734 145 1778; x_wconf 85' lang='lat' dir='ltr'>ex</span> <span class='ocrx_word' id='word_1_149' title='bbox 167 1732 204 1778; x_wconf 87' lang='lat' dir='ltr'>eo</span> <span class='ocrx_word' id='word_1_150' title='bbox 221 1732 347 1793; x_wconf 89' lang='lat' dir='ltr'>quoque</span> <span class='ocrx_word' id='word_1_151' title='bbox 362 1733 476 1792; x_wconf 82' lang='lat' dir='ltr'>genere</span> <span class='ocrx_word' id='word_1_152' title='bbox 490 1718 670 1790; x_wconf 86' lang='lat' dir='ltr'>conveniet;</span> <span class='ocrx_word' id='word_1_153' title='bbox 696 1726 730 1779; x_wconf 88' lang='lat' dir='ltr'>ut</span> <span class='ocrx_word' id='word_1_154' title='bbox 742 1719 774 1780; x_wconf 94' lang='lat' dir='ltr'>in</span> <span class='ocrx_word' id='word_1_155' title='bbox 788 1719 837 1780; x_wconf 88' lang='lat' dir='ltr'>his</span> <span class='ocrx_word' id='word_1_156' title='bbox 853 1717 1003 1793; x_wconf 84' lang='lat' dir='ltr'>exemplis</span> <span class='ocrx_word' id='word_1_157' title='bbox 1020 1732 1152 1779; x_wconf 89' lang='lat' dir='ltr'>conces-</span> 
     </span>
     <span class='ocr_line' id='line_1_20' title="bbox 107 1800 1155 1878; baseline 0 -17"><span class='ocrx_word' id='word_1_158' title='bbox 107 1800 204 1861; x_wconf 85' lang='lat' dir='ltr'>sionis</span> <span class='ocrx_word' id='word_1_159' title='bbox 222 1800 303 1861; x_wconf 88' lang='lat' dir='ltr'>inest</span> <span class='ocrx_word' id='word_1_160' title='bbox 317 1801 460 1862; x_wconf 90' lang='lat' dir='ltr'>omnibus</span> <span class='ocrx_word' id='word_1_161' title='bbox 475 1801 582 1877; x_wconf 89' lang='lat' dir='ltr'>scripti</span> <span class='ocrx_word' id='word_1_162' title='bbox 598 1802 811 1863; x_wconf 77' lang='lat' dir='ltr'>connoversia</span> <span class='ocrx_word' id='word_1_163' title='bbox 826 1819 872 1875; x_wconf 88' lang='lat' dir='ltr'>ea,</span> <span class='ocrx_word' id='word_1_164' title='bbox 889 1817 968 1878; x_wconf 87' lang='lat' dir='ltr'>quae</span> <span class='ocrx_word' id='word_1_165' title='bbox 980 1801 1155 1876; x_wconf 88' lang='lat' dir='ltr'>exscripto</span> 
     </span>
     <span class='ocr_line' id='line_1_21' title="bbox 106 1882 1151 1960; baseline 0 -16"><span class='ocrx_word' id='word_1_166' title='bbox 106 1892 136 1944; x_wconf 92' lang='lat' dir='ltr'>et</span> <span class='ocrx_word' id='word_1_167' title='bbox 157 1882 309 1945; x_wconf 89' lang='lat' dir='ltr'>sententia</span> <span class='ocrx_word' id='word_1_168' title='bbox 329 1884 518 1955; x_wconf 67' lang='lat' dir='ltr'>nominatum</span> <span class='ocrx_word' id='word_1_169' title='bbox 543 1885 615 1957; x_wconf 89' lang='lat' dir='ltr'>sed,</span> <span class='ocrx_word' id='word_1_170' title='bbox 637 1884 765 1960; x_wconf 88' lang='lat' dir='ltr'>quiade</span> <span class='ocrx_word' id='word_1_171' title='bbox 780 1886 985 1947; x_wconf 75' lang='lat' dir='ltr'>concessione</span> <span class='ocrx_word' id='word_1_172' title='bbox 1000 1885 1151 1960; x_wconf 86' lang='lat' dir='ltr'>loqueba-</span> 
     </span>
     <span class='ocr_line' id='line_1_22' title="bbox 105 1965 1150 2043; baseline 0.003 -18"><span class='ocrx_word' id='word_1_173' title='bbox 105 1981 180 2039; x_wconf 87' lang='lat' dir='ltr'>mur,</span> <span class='ocrx_word' id='word_1_174' title='bbox 194 1965 227 2027; x_wconf 88' lang='lat' dir='ltr'>in</span> <span class='ocrx_word' id='word_1_175' title='bbox 242 1983 310 2027; x_wconf 90' lang='lat' dir='ltr'>eam</span> <span class='ocrx_word' id='word_1_176' title='bbox 323 1976 491 2043; x_wconf 86' lang='lat' dir='ltr'>praecepta</span> <span class='ocrx_word' id='word_1_177' title='bbox 505 1967 657 2028; x_wconf 88' lang='lat' dir='ltr'>dedimus.</span> <span class='ocrx_word' id='word_1_178' title='bbox 688 1969 760 2029; x_wconf 78' lang='lat' dir='ltr'>Alio</span> <span class='ocrx_word' id='word_1_179' title='bbox 775 1977 876 2030; x_wconf 88' lang='lat' dir='ltr'>autem</span> <span class='ocrx_word' id='word_1_180' title='bbox 890 1970 960 2028; x_wconf 90' lang='lat' dir='ltr'>loco</span> <span class='ocrx_word' id='word_1_181' title='bbox 975 1970 1016 2029; x_wconf 89' lang='lat' dir='ltr'>de</span> <span class='ocrx_word' id='word_1_182' title='bbox 1032 1968 1150 2042; x_wconf 90' lang='lat' dir='ltr'>scripto</span> 
     </span>
     <span class='ocr_line' id='line_1_23' title="bbox 104 2049 1150 2125; baseline 0.001 -17"><span class='ocrx_word' id='word_1_183' title='bbox 104 2049 188 2108; x_wconf 88' lang='lat' dir='ltr'>etde</span> <span class='ocrx_word' id='word_1_184' title='bbox 204 2050 356 2110; x_wconf 88' lang='lat' dir='ltr'>sententia</span> <span class='ocrx_word' id='word_1_185' title='bbox 371 2050 520 2110; x_wconf 88' lang='lat' dir='ltr'>dicemus.</span> <span class='ocrx_word' id='word_1_186' title='bbox 551 2051 639 2111; x_wconf 90' lang='lat' dir='ltr'>Nunc</span> <span class='ocrx_word' id='word_1_187' title='bbox 660 2051 691 2111; x_wconf 91' lang='lat' dir='ltr'>in</span> <span class='ocrx_word' id='word_1_188' title='bbox 707 2054 833 2112; x_wconf 88' lang='lat' dir='ltr'>alteram</span> <span class='ocrx_word' id='word_1_189' title='bbox 848 2051 1063 2114; x_wconf 88' lang='lat' dir='ltr'>concessionis</span> <span class='ocrx_word' id='word_1_190' title='bbox 1078 2067 1150 2125; x_wconf 91' lang='lat' dir='ltr'>par-</span> 
     </span>
     <span class='ocr_line' id='line_1_24' title="bbox 103 2131 680 2214; baseline 0 -22"><span class='ocrx_word' id='word_1_191' title='bbox 103 2140 165 2192; x_wconf 86' lang='lat' dir='ltr'>tem</span> <span class='ocrx_word' id='word_1_192' title='bbox 181 2131 460 2214; x_wconf 83' lang='lat' dir='ltr'>considerationem</span> <span class='ocrx_word' id='word_1_193' title='bbox 475 2134 680 2195; x_wconf 88' lang='lat' dir='ltr'>intendemus.</span> 
     </span>
    </p>

    <p class='ocr_par' dir='ltr' id='par_1_5' title="bbox 96 2215 1151 3452">
     <span class='ocr_line' id='line_1_25' title="bbox 186 2215 1151 2293; baseline -0.002 -17"><span class='ocrx_word' id='word_1_194' title='bbox 186 2216 321 2276; x_wconf 89' lang='lat' dir='ltr'>XXXIV.</span> <span class='ocrx_word' id='word_1_195' title='bbox 344 2215 415 2278; x_wconf 75' lang='lat'>104.</span> <span class='ocrx_word' id='word_1_196' title='bbox 429 2217 614 2292; x_wconf 82' lang='lat' dir='ltr'>Deprecatio</span> <span class='ocrx_word' id='word_1_197' title='bbox 631 2226 687 2291; x_wconf 89' lang='lat' dir='ltr'>est,</span> <span class='ocrx_word' id='word_1_198' title='bbox 709 2216 740 2276; x_wconf 94' lang='lat' dir='ltr'>in</span> <span class='ocrx_word' id='word_1_199' title='bbox 757 2235 819 2293; x_wconf 88' lang='lat' dir='ltr'>qua</span> <span class='ocrx_word' id='word_1_200' title='bbox 832 2234 894 2279; x_wconf 92' lang='lat' dir='ltr'>non</span> <span class='ocrx_word' id='word_1_201' title='bbox 909 2216 1050 2278; x_wconf 82' lang='lat' dir='ltr'>defensio</span> <span class='ocrx_word' id='word_1_202' title='bbox 1066 2216 1151 2290; x_wconf 84' lang='lat' dir='ltr'>facti,</span> 
     </span>
     <span class='ocr_line' id='line_1_26' title="bbox 105 2299 1148 2378; baseline 0.002 -22"><span class='ocrx_word' id='word_1_203' title='bbox 105 2299 163 2358; x_wconf 90' lang='lat' dir='ltr'>sed</span> <span class='ocrx_word' id='word_1_204' title='bbox 183 2299 365 2373; x_wconf 88' lang='lat' dir='ltr'>ignoscendi</span> <span class='ocrx_word' id='word_1_205' title='bbox 386 2301 553 2374; x_wconf 88' lang='lat' dir='ltr'>postulatio</span> <span class='ocrx_word' id='word_1_206' title='bbox 575 2300 755 2363; x_wconf 86' lang='lat' dir='ltr'>continetur.</span> <span class='ocrx_word' id='word_1_207' title='bbox 786 2301 854 2362; x_wconf 88' lang='lat' dir='ltr'>Hoc</span> <span class='ocrx_word' id='word_1_208' title='bbox 875 2317 973 2376; x_wconf 90' lang='lat' dir='ltr'>genus</span> <span class='ocrx_word' id='word_1_209' title='bbox 987 2300 1041 2358; x_wconf 88' lang='lat' dir='ltr'>vix</span> <span class='ocrx_word' id='word_1_210' title='bbox 1056 2300 1087 2359; x_wconf 89' lang='lat' dir='ltr'>in</span> <span class='ocrx_word' id='word_1_211' title='bbox 1101 2299 1148 2378; x_wconf 86' lang='lat' dir='ltr'>iu-</span> 
     </span>
     <span class='ocr_line' id='line_1_27' title="bbox 104 2380 1149 2460; baseline 0 -20"><span class='ocrx_word' id='word_1_212' title='bbox 104 2380 185 2441; x_wconf 88' lang='lat' dir='ltr'>dicio</span> <span class='ocrx_word' id='word_1_213' title='bbox 207 2382 332 2457; x_wconf 89' lang='lat' dir='ltr'>probari</span> <span class='ocrx_word' id='word_1_214' title='bbox 352 2390 471 2457; x_wconf 86' lang='lat' dir='ltr'>potest,</span> <span class='ocrx_word' id='word_1_215' title='bbox 496 2383 567 2444; x_wconf 88' lang='lat' dir='ltr'>ideo</span> <span class='ocrx_word' id='word_1_216' title='bbox 590 2385 675 2458; x_wconf 85' lang='lat' dir='ltr'>quod</span> <span class='ocrx_word' id='word_1_217' title='bbox 697 2400 849 2445; x_wconf 87' lang='lat' dir='ltr'>concesso</span> <span class='ocrx_word' id='word_1_218' title='bbox 870 2392 1000 2460; x_wconf 86' lang='lat' dir='ltr'>peccato</span> <span class='ocrx_word' id='word_1_219' title='bbox 1022 2382 1149 2445; x_wconf 77' lang='lat' dir='ltr'>difficile</span> 
     </span>
     <span class='ocr_line' id='line_1_28' title="bbox 103 2464 1146 2542; baseline 0.001 -20"><span class='ocrx_word' id='word_1_220' title='bbox 103 2472 152 2524; x_wconf 90' lang='lat' dir='ltr'>est</span> <span class='ocrx_word' id='word_1_221' title='bbox 172 2465 210 2523; x_wconf 88' lang='lat' dir='ltr'>ab</span> <span class='ocrx_word' id='word_1_222' title='bbox 232 2481 287 2537; x_wconf 90' lang='lat' dir='ltr'>eo,</span> <span class='ocrx_word' id='word_1_223' title='bbox 315 2466 368 2538; x_wconf 88' lang='lat' dir='ltr'>qui</span> <span class='ocrx_word' id='word_1_224' title='bbox 388 2464 586 2538; x_wconf 83' lang='lat' dir='ltr'>peccatorum</span> <span class='ocrx_word' id='word_1_225' title='bbox 601 2467 716 2526; x_wconf 86' lang='lat' dir='ltr'>vindex</span> <span class='ocrx_word' id='word_1_226' title='bbox 731 2483 804 2528; x_wconf 83' lang='lat' dir='ltr'>esse</span> <span class='ocrx_word' id='word_1_227' title='bbox 818 2467 926 2542; x_wconf 90' lang='lat' dir='ltr'>debet,</span> <span class='ocrx_word' id='word_1_228' title='bbox 948 2475 983 2527; x_wconf 93' lang='lat' dir='ltr'>ut</span> <span class='ocrx_word' id='word_1_229' title='bbox 997 2466 1146 2542; x_wconf 88' lang='lat' dir='ltr'>ignoscat,</span> 
     </span>
     <span class='ocr_line' id='line_1_29' title="bbox 102 2545 1147 2626; baseline 0.001 -22"><span class='ocrx_word' id='word_1_230' title='bbox 102 2545 276 2619; x_wconf 88' lang='lat' dir='ltr'>impetrare.</span> <span class='ocrx_word' id='word_1_231' title='bbox 313 2547 413 2619; x_wconf 84' lang='lat' dir='ltr'>Quare</span> <span class='ocrx_word' id='word_1_232' title='bbox 433 2555 521 2621; x_wconf 88' lang='lat' dir='ltr'>parte</span> <span class='ocrx_word' id='word_1_233' title='bbox 542 2549 609 2609; x_wconf 90' lang='lat' dir='ltr'>eius</span> <span class='ocrx_word' id='word_1_234' title='bbox 625 2548 764 2624; x_wconf 89' lang='lat' dir='ltr'>generis,</span> <span class='ocrx_word' id='word_1_235' title='bbox 788 2566 884 2626; x_wconf 83' lang='lat' dir='ltr'>quum</span> <span class='ocrx_word' id='word_1_236' title='bbox 898 2566 1025 2613; x_wconf 88' lang='lat' dir='ltr'>oausam</span> <span class='ocrx_word' id='word_1_237' title='bbox 1038 2565 1099 2608; x_wconf 92' lang='lat' dir='ltr'>non</span> <span class='ocrx_word' id='word_1_238' title='bbox 1113 2547 1147 2606; x_wconf 88' lang='lat' dir='ltr'>in</span> 
     </span>
     <span class='ocr_line' id='line_1_30' title="bbox 102 2627 1148 2709; baseline 0.007 -21"><span class='ocrx_word' id='word_1_239' title='bbox 102 2644 141 2689; x_wconf 92' lang='lat' dir='ltr'>eo</span> <span class='ocrx_word' id='word_1_240' title='bbox 164 2627 375 2702; x_wconf 90' lang='lat' dir='ltr'>constitueris,</span> <span class='ocrx_word' id='word_1_241' title='bbox 401 2628 445 2690; x_wconf 90' lang='lat' dir='ltr'>uti</span> <span class='ocrx_word' id='word_1_242' title='bbox 465 2629 578 2690; x_wconf 88' lang='lat' dir='ltr'>licebit.</span> <span class='ocrx_word' id='word_1_243' title='bbox 610 2632 652 2692; x_wconf 84' lang='lat' dir='ltr'>Ut</span> <span class='ocrx_word' id='word_1_244' title='bbox 672 2633 699 2692; x_wconf 90' lang='lat' dir='ltr'>si</span> <span class='ocrx_word' id='word_1_245' title='bbox 718 2633 894 2709; x_wconf 85' lang='lat' dir='ltr'>proaliquo</span> <span class='ocrx_word' id='word_1_246' title='bbox 911 2635 994 2694; x_wconf 84' lang='lat' dir='ltr'>claro</span> <span class='ocrx_word' id='word_1_247' title='bbox 1010 2629 1148 2695; x_wconf 82' lang='lat' dir='ltr'>autlorti</span> 
     </span>
     <span class='ocr_line' id='line_1_31' title="bbox 102 2711 1145 2790; baseline 0.003 -21"><span class='ocrx_word' id='word_1_248' title='bbox 102 2711 187 2787; x_wconf 76' lang='lat' dir='ltr'>tiro,</span> <span class='ocrx_word' id='word_1_249' title='bbox 213 2712 301 2774; x_wconf 92' lang='lat' dir='ltr'>cuius</span> <span class='ocrx_word' id='word_1_250' title='bbox 323 2713 354 2773; x_wconf 92' lang='lat' dir='ltr'>in</span> <span class='ocrx_word' id='word_1_251' title='bbox 374 2712 609 2790; x_wconf 85' lang='lat' dir='ltr'>rempublicam</span> <span class='ocrx_word' id='word_1_252' title='bbox 623 2718 718 2776; x_wconf 88' lang='lat' dir='ltr'>multa</span> <span class='ocrx_word' id='word_1_253' title='bbox 734 2723 805 2777; x_wconf 90' lang='lat' dir='ltr'>sunt</span> <span class='ocrx_word' id='word_1_254' title='bbox 824 2716 986 2788; x_wconf 89' lang='lat' dir='ltr'>beneficia,</span> <span class='ocrx_word' id='word_1_255' title='bbox 999 2715 1145 2788; x_wconf 89' lang='lat' dir='ltr'>dices,re</span> 
     </span>
     <span class='ocr_line' id='line_1_32' title="bbox 101 2795 1147 2874; baseline -0.005 -16"><span class='ocrx_word' id='word_1_256' title='bbox 101 2797 225 2872; x_wconf 87' lang='lat' dir='ltr'>possis,</span> <span class='ocrx_word' id='word_1_257' title='bbox 247 2814 341 2873; x_wconf 89' lang='lat' dir='ltr'>quum</span> <span class='ocrx_word' id='word_1_258' title='bbox 355 2796 490 2858; x_wconf 88' lang='lat' dir='ltr'>videaris</span> <span class='ocrx_word' id='word_1_259' title='bbox 506 2813 569 2859; x_wconf 88' lang='lat' dir='ltr'>non</span> <span class='ocrx_word' id='word_1_260' title='bbox 583 2799 627 2860; x_wconf 90' lang='lat' dir='ltr'>uti</span> <span class='ocrx_word' id='word_1_261' title='bbox 643 2799 879 2874; x_wconf 84' lang='lat' dir='ltr'>deprecatione,</span> <span class='ocrx_word' id='word_1_262' title='bbox 905 2799 1080 2870; x_wconf 82' lang='lat' dir='ltr'>adtamen,</span> <span class='ocrx_word' id='word_1_263' title='bbox 1105 2795 1147 2854; x_wconf 83' lang='lat' dir='ltr'>ad</span> 
     </span>
     <span class='ocr_line' id='line_1_33' title="bbox 101 2879 1145 2957; baseline -0.002 -18"><span class='ocrx_word' id='word_1_264' title='bbox 101 2879 184 2940; x_wconf 90' lang='lat' dir='ltr'>hunc</span> <span class='ocrx_word' id='word_1_265' title='bbox 199 2883 339 2944; x_wconf 82' lang='lat' dir='ltr'>modum:</span> <span class='ocrx_word' id='word_1_266' title='bbox 367 2880 499 2955; x_wconf 85' lang='lat' dir='ltr'>Quodsi,</span> <span class='ocrx_word' id='word_1_267' title='bbox 520 2880 656 2956; x_wconf 89' lang='lat' dir='ltr'>iudices,</span> <span class='ocrx_word' id='word_1_268' title='bbox 677 2882 727 2942; x_wconf 91' lang='lat' dir='ltr'>hic</span> <span class='ocrx_word' id='word_1_269' title='bbox 742 2882 882 2957; x_wconf 85' lang='lat' dir='ltr'>prosuis</span> <span class='ocrx_word' id='word_1_270' title='bbox 897 2880 1067 2952; x_wconf 78' lang='lat' dir='ltr'>beneficiio,</span> <span class='ocrx_word' id='word_1_271' title='bbox 1089 2882 1145 2953; x_wconf 92' lang='lat' dir='ltr'>pro</span> 
     </span>
     <span class='ocr_line' id='line_1_34' title="bbox 103 2964 1143 3041; baseline -0.004 -18"><span class='ocrx_word' id='word_1_272' title='bbox 103 2980 160 3024; x_wconf 91' lang='lat' dir='ltr'>suo</span> <span class='ocrx_word' id='word_1_273' title='bbox 177 2965 289 3039; x_wconf 88' lang='lat' dir='ltr'>studio,</span> <span class='ocrx_word' id='word_1_274' title='bbox 306 2965 391 3040; x_wconf 88' lang='lat' dir='ltr'>quod</span> <span class='ocrx_word' id='word_1_275' title='bbox 404 2964 435 3024; x_wconf 93' lang='lat' dir='ltr'>in</span> <span class='ocrx_word' id='word_1_276' title='bbox 449 2982 509 3025; x_wconf 91' lang='lat' dir='ltr'>vos</span> <span class='ocrx_word' id='word_1_277' title='bbox 520 2981 644 3041; x_wconf 89' lang='lat' dir='ltr'>semper</span> <span class='ocrx_word' id='word_1_278' title='bbox 654 2965 769 3039; x_wconf 86' lang='lat' dir='ltr'>habuit,</span> <span class='ocrx_word' id='word_1_279' title='bbox 785 2964 838 3027; x_wconf 87' lang='lat' dir='ltr'>tali</span> <span class='ocrx_word' id='word_1_280' title='bbox 850 2983 908 3027; x_wconf 90' lang='lat' dir='ltr'>suo</span> <span class='ocrx_word' id='word_1_281' title='bbox 919 2964 1143 3040; x_wconf 86' lang='lat' dir='ltr'>temporemnl-</span> 
     </span>
     <span class='ocr_line' id='line_1_35' title="bbox 100 3047 1144 3125; baseline -0.001 -20"><span class='ocrx_word' id='word_1_282' title='bbox 100 3054 202 3108; x_wconf 89' lang='lat' dir='ltr'>torum</span> <span class='ocrx_word' id='word_1_283' title='bbox 224 3065 350 3111; x_wconf 90' lang='lat' dir='ltr'>suorum</span> <span class='ocrx_word' id='word_1_284' title='bbox 373 3057 457 3109; x_wconf 87' lang='lat' dir='ltr'>recte</span> <span class='ocrx_word' id='word_1_285' title='bbox 479 3050 628 3110; x_wconf 81' lang='lat' dir='ltr'>factorum</span> <span class='ocrx_word' id='word_1_286' title='bbox 652 3064 747 3111; x_wconf 87' lang='lat' dir='ltr'>causa</span> <span class='ocrx_word' id='word_1_287' title='bbox 760 3049 814 3110; x_wconf 88' lang='lat' dir='ltr'>uui</span> <span class='ocrx_word' id='word_1_288' title='bbox 828 3049 941 3109; x_wconf 91' lang='lat' dir='ltr'>delicto</span> <span class='ocrx_word' id='word_1_289' title='bbox 954 3057 990 3110; x_wconf 89' lang='lat' dir='ltr'>ut</span> <span class='ocrx_word' id='word_1_290' title='bbox 1003 3047 1144 3125; x_wconf 88' lang='lat' dir='ltr'>ignosce·</span> 
     </span>
     <span class='ocr_line' id='line_1_36' title="bbox 99 3130 1141 3207; baseline 0.005 -22"><span class='ocrx_word' id='word_1_291' title='bbox 99 3130 175 3188; x_wconf 90' lang='lat' dir='ltr'>retis</span> <span class='ocrx_word' id='word_1_292' title='bbox 189 3135 369 3205; x_wconf 87' lang='lat' dir='ltr'>postularet,</span> <span class='ocrx_word' id='word_1_293' title='bbox 383 3140 484 3192; x_wconf 87' lang='lat' dir='ltr'>tamen</span> <span class='ocrx_word' id='word_1_294' title='bbox 500 3130 626 3207; x_wconf 90' lang='lat' dir='ltr'>dignum</span> <span class='ocrx_word' id='word_1_295' title='bbox 639 3142 745 3194; x_wconf 89' lang='lat' dir='ltr'>vestra</span> <span class='ocrx_word' id='word_1_296' title='bbox 758 3131 1005 3207; x_wconf 85' lang='lat' dir='ltr'>mansuetudine,</span> <span class='ocrx_word' id='word_1_297' title='bbox 1018 3130 1141 3204; x_wconf 83' lang='lat' dir='ltr'>dignum</span> 
     </span>
     <span class='ocr_line' id='line_1_37' title="bbox 100 3208 1143 3299; baseline 0.009 -36"><span class='ocrx_word' id='word_1_298' title='bbox 100 3208 212 3299; x_wconf 77' lang='lat' dir='ltr'>yimuto</span> <span class='ocrx_word' id='word_1_299' title='bbox 226 3213 318 3271; x_wconf 91' lang='lat' dir='ltr'>huius</span> <span class='ocrx_word' id='word_1_300' title='bbox 333 3224 426 3286; x_wconf 85' lang='lat' dir='ltr'>esset,</span> <span class='ocrx_word' id='word_1_301' title='bbox 440 3214 570 3289; x_wconf 89' lang='lat' dir='ltr'>iudices,</span> <span class='ocrx_word' id='word_1_302' title='bbox 584 3231 605 3274; x_wconf 86' lang='lat' dir='ltr'>a</span> <span class='ocrx_word' id='word_1_303' title='bbox 617 3215 707 3276; x_wconf 82' lang='lat' dir='ltr'>vobis</span> <span class='ocrx_word' id='word_1_304' title='bbox 723 3216 803 3276; x_wconf 87' lang='lat' dir='ltr'>banc</span> <span class='ocrx_word' id='word_1_305' title='bbox 816 3232 883 3287; x_wconf 85' lang='lat' dir='ltr'>rem</span> <span class='ocrx_word' id='word_1_306' title='bbox 897 3216 958 3276; x_wconf 89' lang='lat' dir='ltr'>hoc</span> <span class='ocrx_word' id='word_1_307' title='bbox 969 3214 1143 3289; x_wconf 87' lang='lat' dir='ltr'>postulante</span> 
     </span>
     <span class='ocr_line' id='line_1_38' title="bbox 100 3290 1142 3369; baseline 0.01 -26"><span class='ocrx_word' id='word_1_308' title='bbox 100 3290 264 3358; x_wconf 79' lang='lat' dir='ltr'>impetrari.</span> <span class='ocrx_word' id='word_1_309' title='bbox 298 3292 416 3352; x_wconf 82' lang='lat' dir='ltr'>Deinde</span> <span class='ocrx_word' id='word_1_310' title='bbox 441 3312 555 3369; x_wconf 87' lang='lat' dir='ltr'>augere</span> <span class='ocrx_word' id='word_1_311' title='bbox 581 3297 733 3359; x_wconf 83' lang='lat' dir='ltr'>beneficia</span> <span class='ocrx_word' id='word_1_312' title='bbox 756 3296 862 3358; x_wconf 83' lang='lat' dir='ltr'>licebit</span> <span class='ocrx_word' id='word_1_313' title='bbox 885 3305 916 3358; x_wconf 90' lang='lat' dir='ltr'>et</span> <span class='ocrx_word' id='word_1_314' title='bbox 940 3294 1062 3358; x_wconf 88' lang='lat' dir='ltr'>iudices</span> <span class='ocrx_word' id='word_1_315' title='bbox 1088 3308 1142 3369; x_wconf 88' lang='lat' dir='ltr'>per</span> 
     </span>
     <span class='ocr_line' id='line_1_39' title="bbox 96 3365 1141 3452; baseline 0.021 -33"><span class='ocrx_word' id='word_1_316' title='bbox 96 3365 202 3424; x_wconf 87' lang='lat' dir='ltr'>locum</span> <span class='ocrx_word' id='word_1_317' title='bbox 235 3382 425 3430; x_wconf 90' lang='lat' dir='ltr'>communem</span> <span class='ocrx_word' id='word_1_318' title='bbox 457 3378 498 3434; x_wconf 87' lang='lat' dir='ltr'>ad</span> <span class='ocrx_word' id='word_1_319' title='bbox 532 3378 716 3452; x_wconf 89' lang='lat' dir='ltr'>ignoscendi</span> <span class='ocrx_word' id='word_1_320' title='bbox 748 3382 940 3443; x_wconf 86' lang='lat' dir='ltr'>volunlatem</span> <span class='ocrx_word' id='word_1_321' title='bbox 973 3378 1141 3441; x_wconf 85' lang='lat' dir='ltr'>deducere.</span> 
     </span>
    </p>
   </div>
   <div class='ocr_carea' id='block_1_5' title="bbox 0 0 1292 3892">
    <p class='ocr_par' dir='ltr' id='par_1_6' title="bbox 0 0 1292 3892">
     <span class='ocr_line' id='line_1_40' title="bbox 0 0 1292 3892; baseline 0 1"><span class='ocrx_word' id='word_1_322' title='bbox 0 0 1292 3892; x_wconf 95' lang='lat' dir='ltr'> </span> 
     </span>
    </p>
   </div>
  </div>
 </body>
</html>
