2575 3892
144 120 209 184 194
325 138 329 159 .
512 122 562 181 DE
578 118 812 180 tNVENTiobr]
1154 131 1188 187 92

143 274 216 334 inde
231 275 389 348 indignum
404 288 476 333 esse
492 274 531 333 de
545 273 614 347 lege
628 272 745 347 aliquid
761 273 902 346 derogari
919 279 971 330 out
984 274 1085 348 legem
1101 276 1188 336 obro-

144 359 210 433 gari
232 364 284 417 aut
304 357 408 431 aliqua
428 373 468 416 ex
489 363 576 431 parte
597 357 791 429 commutari,
820 372 916 430 quum
936 359 1054 431 populo
1077 374 1188 432 cogno

144 441 251 501 scendi
272 448 303 501 et
322 441 474 515 probandi
496 448 548 499 eut
567 439 761 515 improbandi
783 445 923 514 potestas
938 442 1021 499 nulla
1035 440 1106 510 fiat;
1132 444 1188 504 boe

143 525 221 601 ipsis
242 524 396 584 iudicibus
418 524 691 584 invidiosissimum
715 524 865 593 futurum;
895 540 956 585 non
983 523 1064 585 hunc
1090 526 1186 586 locum

144 624 216 668 esse
238 623 340 683 neque
361 608 421 667 hoc
442 616 563 682 tempus
585 609 688 683 legum
702 607 952 682 corrigendorum
960 630 972 676 ;-
991 610 1076 683 apud
1090 624 1186 686 popu-

144 694 207 752 lunr
227 692 305 751 boec
327 699 357 751 et
378 707 433 766 per
454 693 603 766 populum
624 692 674 766 agi
700 692 883 761 convenire3
914 690 1027 766 quodsi
1052 709 1134 754 nune
1158 695 1188 754 id

145 783 245 851 agant,
261 776 341 835 velie
356 790 391 836 se
406 775 495 847 seire,
518 776 571 850 qui
585 776 665 836 lator
680 776 728 850 sit,
751 775 803 850 qui
818 774 879 835 sint
892 774 1068 849 acceptum
1090 793 1124 838 se
1138 794 1185 838 ae·

144 857 246 917 tiones
263 856 370 918 uidere
384 866 414 918 et
439 860 623 920 dissuadere
633 860 729 928 velie;
750 859 863 935 quodsi
873 858 951 917 boec
965 874 1060 933 quum
1072 877 1187 922 summe

144 943 261 1002 inutilia
281 950 346 1003 tum
360 944 453 1002 multo
468 943 647 1018 turpissima
662 943 730 1017 sint,
751 944 866 1017 legem,
888 942 1073 1003 cuicuimodi
1090 946 1143 1019 sit,
1157 946 1188 1004 in

144 1028 320 1101 praesentio
335 1028 515 1088 conservari
528 1028 567 1086 ab
581 1026 743 1101 iudicibus,
766 1033 847 1101 post,
870 1026 897 1084 si
912 1025 1081 1101 displiceat,
1098 1044 1117 1086 a
1132 1045 1187 1103 po·

144 1113 218 1184 pulo
241 1111 352 1184 corrigi
373 1110 555 1179 convenire;
582 1110 709 1182 deinde,
736 1110 762 1169 si
783 1111 932 1184 seriptum
957 1126 1018 1169 non
1043 1119 1188 1188 exstaret,

143 1210 255 1268 magno
271 1209 366 1267 opere
383 1209 602 1268 quaereremus
618 1209 720 1268 neque
733 1194 797 1266 isti,
819 1208 859 1252 ne
874 1193 901 1252 si
917 1200 1001 1252 extra
1015 1195 1187 1268 perieulum

146 1278 269 1351 quidem
285 1284 378 1351 esset,
401 1277 608 1336 crederemus.
640 1277 727 1336 Nune
744 1292 837 1351 quum
853 1277 996 1352 seriptum
1011 1278 1057 1349 sit,
1079 1291 1184 1336 amen-

142 1361 215 1419 tiam
233 1375 305 1420 esse
320 1361 396 1433 eius,
418 1361 471 1434 qui
485 1361 635 1435 peccarit,
657 1360 761 1435 potius
778 1376 871 1435 quam
885 1361 961 1434 legis
975 1360 1072 1434 ipsius
1084 1359 1186 1419 verbe

144 1458 346 1518 cognoscere.
381 1443 437 1503 His
453 1449 484 1505 et
497 1443 674 1505 huiusmodi
688 1444 858 1504 rationibus
874 1443 1044 1505 ostenditur
1060 1459 1190 1503 eausam

143 1537 232 1587 extra
252 1529 400 1603 scripturn
426 1528 526 1602 accipi
548 1544 610 1589 non
632 1535 787 1604 oportere.
820 1527 924 1589 XLVI.
946 1525 1019 1588 135.
1043 1526 1189 1588 Secunda

143 1627 217 1687 pars
239 1619 301 1687 est,
330 1613 362 1671 in
384 1628 446 1687 qua
466 1619 515 1672 est
535 1613 776 1687 ostendendum,
805 1613 832 1672 si
853 1613 884 1671 in
910 1611 1039 1674 caeteris
1065 1612 1187 1685 legibus

143 1703 301 1771 oporteat,
323 1697 354 1755 in
374 1696 433 1755 bac
449 1711 511 1755 non
527 1703 680 1772 oportere.
714 1695 781 1756 Hoc
798 1696 1071 1769 demonstrabitur,
1094 1694 1188 1755 silex

143 1780 250 1839 autad
270 1797 321 1839 res
342 1781 508 1854 maximas,
530 1781 723 1854 utilissimus,
744 1779 996 1855 honestissimas,
1018 1779 1188 1854 religiosis-

141 1864 236 1923 simas
257 1863 411 1923 videbitur
432 1865 603 1939 pertinere;
630 1871 682 1924 aut
701 1864 806 1924 inutile
831 1871 882 1923 aut
906 1870 996 1938 turpe
1021 1870 1075 1924 aut
1099 1864 1189 1925 nefas

142 1961 214 2005 esse
235 1948 287 2005 tali
310 1948 340 2004 in
360 1962 395 2005 re
415 1964 477 2008 non
499 1947 731 2021 diligentissime
748 1947 809 2022 legi
825 1947 1056 2022 obtemporare
1077 1953 1128 2005 aut
1144 1948 1190 2006 ita

139 2032 191 2088 lex
206 2030 367 2105 diligenter
381 2032 555 2105 perscripta
566 2030 833 2104 demonstrabitur,
846 2031 889 2091 ita
901 2038 1025 2091 cautum
1037 2046 1098 2092 una
1111 2046 1190 2104 qua-

141 2113 316 2197 quedem,
338 2115 396 2189 ita,
418 2115 502 2191 quod
517 2115 700 2190 oportuerit,
723 2121 903 2189 exceptum,
925 2120 958 2174 ut
970 2115 1093 2176 minime
1109 2129 1189 2172 oon-

140 2200 242 2257 veniat
264 2199 435 2273 quidquem
448 2199 477 2258 in
493 2206 554 2259 tom
571 2198 707 2273 diligenti
723 2198 876 2274 scriptura
892 2200 1086 2271 praeteritum
1102 2197 1189 2256 arbi·

140 2282 222 2340 trori.
255 2283 375 2342 Tertius
397 2290 445 2343 est
466 2284 553 2342 loeus
574 2284 618 2357 ei,
640 2284 693 2357 qui
713 2298 771 2357 pro
793 2283 911 2357 scripto
935 2282 1030 2356 diret,
1052 2281 1193 2341 maxime

139 2366 346 2439 necessarius,
362 2382 419 2441 per
434 2374 526 2441 quem
540 2373 662 2444 oportet
673 2366 824 2440 ostendat,
840 2366 868 2426 si
883 2368 1046 2426 eonveniat
1058 2381 1192 2426 eausam

139 2456 246 2508 contro
261 2450 408 2523 seriptum
422 2450 530 2523 arcipi,
547 2465 615 2509 eam
628 2457 730 2509 tamen
744 2450 868 2513 minime
883 2457 1036 2524 oportere,
1053 2465 1135 2523 quae
1148 2449 1193 2508 ab

140 2532 326 2592 adversariis
342 2532 506 2591 adseratur.
531 2530 601 2593 136.
619 2533 676 2607 Qui
687 2535 779 2595 locus
794 2533 910 2595 ideireo
926 2540 974 2593 est
987 2532 1059 2592 huie
1073 2548 1193 2596 neees-

139 2617 248 2692 sarius,
266 2616 352 2692 quod
364 2631 490 2691 semper
504 2617 540 2691 is,
559 2617 611 2693 qui
627 2623 736 2679 contro
749 2619 896 2693 seriptum
912 2618 1002 2689 dicet,
1020 2616 1194 2691 aequitatis

138 2701 254 2778 aliquid
279 2702 397 2762 adterat
424 2708 554 2777 oportet.
594 2702 672 2762 Nam
692 2718 811 2763 summe
830 2702 1021 2776 impudentia
1041 2700 1080 2757 sit
1101 2713 1196 2774 eum,

139 2788 190 2861 qui
217 2794 435 2862 contraquam
458 2787 607 2862 scriptum
626 2787 681 2862 sit,
710 2785 827 2862 aliquid
846 2784 982 2860 probere
1002 2781 1090 2856 volit,
1118 2797 1195 2843 non

138 2872 304 2948 aequitatis
319 2870 475 2947 praesidio
488 2872 520 2932 id
535 2874 639 2932 fecere
651 2869 767 2930 conari.
784 2868 817 2931 Si
833 2868 960 2944 quidem
969 2867 1062 2943 igitur
1073 2883 1112 2926 ex
1124 2867 1198 2929 hac

137 2959 207 3033 ipsa
229 2957 385 3033 quippiam
400 2963 565 3016 accusator
580 2957 723 3029 derogat,
747 2952 889 3015 omnibus
909 2954 1050 3028 partibus
1071 2952 1196 3014 iustius

139 3056 169 3105 et
188 3048 379 3119 probabilius
402 3062 551 3108 accusare
571 3044 721 3105 videatur.
754 3045 830 3104 Nam
852 3042 995 3120 superior
1011 3039 1108 3102 oratio
1124 3037 1198 3099 hoe

139 3130 238 3185 omnis
253 3131 399 3201 faciebat,
422 3131 481 3206 uti,
510 3130 628 3190 iudices
644 3129 764 3190 etiamsi
781 3129 911 3201 nollent,
936 3141 1068 3188 neeesse
1082 3128 1196 3191 esset;

136 3204 215 3293 baec
237 3217 350 3279 autem,
381 3214 499 3272 etiamsi
520 3229 652 3272 necesse
678 3229 739 3272 non
762 3220 861 3286 esset,
889 3217 923 3270 ut
943 3211 1057 3269 veilent
1078 3213 1199 3265 eontra

137 3283 282 3342 ludlcare·
320 3288 390 3349 137.
412 3295 448 3352 Id
470 3303 570 3354 autem
592 3297 654 3369 fiet,
677 3298 712 3369 si,
735 3296 847 3371 quibus
868 3310 906 3353 ex
929 3293 1006 3354 loeis
1023 3293 1115 3363 eulpa
1133 3288 1197 3348 de-

138 3364 355 3423 monstrabitur
375 3387 446 3430 esse
467 3376 498 3432 in
520 3393 573 3450 eo,
600 3380 655 3452 qui
681 3379 911 3453 comparatione
935 3382 987 3436 ant
1010 3373 1198 3433 remotione
