2575 3892
125 187 168 252 82
469 182 522 241 AD
546 180 576 239 C.
601 177 832 238 HERENNlUbl

129 335 321 398 nominemus
343 342 396 392 aut
417 330 514 391 imitat
514 326 596 390 ionis
611 337 664 389 aut
679 325 913 403 significationis
929 343 1033 388 causa.
1070 327 1173 389 lmita

128 419 239 501 tionis,
266 417 327 476 hoc
342 416 452 486 modo,
473 423 507 474 ut
521 412 657 475 maiores
673 412 784 472 rudere
799 420 829 471 et
842 426 949 486 vagire
964 420 995 471 e
1008 404 1170 507 mugiie'*
1145 423 1180 473 et

127 506 318 564 murmurare
333 508 363 559 et
378 498 503 558 sibilare
517 497 724 573 appellarunt.
761 494 991 571 significandae
1004 494 1051 554 rei
1064 511 1180 571 causa,

129 586 191 648 sic·
215 584 384 658 Postquam
404 581 463 642 iste
485 580 516 640 in
536 580 774 655 rempublicam
790 577 1040 653 iecitimpetum,
1067 543 1180 654 fragor⁷

130 667 262 730 civitatis
291 667 409 730 ruentis
434 673 482 726 est
496 663 630 725 auditus.
652 662 721 723 Hoc
736 677 848 738 genere
863 677 934 722 raro
950 671 999 723 est
1013 663 1174 736 utendum,

129 769 168 812 ne
184 749 258 812 novi
271 750 359 811 verbi
372 746 544 810 adsiduitas
559 746 665 808 odium
680 746 789 822 pariat,
805 747 861 805 sed
877 745 904 806 si
919 746 1085 808 commode
1100 747 1179 821 quis

130 852 167 897 eo
184 850 220 895 ac
236 850 307 895 raro
322 840 426 894 utatur
440 848 503 892 non
517 832 611 894 modo
624 847 687 891 non
700 830 836 890 offendet
847 828 992 903 nouitate,
1009 831 1068 890 sed
1079 832 1176 891 etiam

130 919 479 980 exornabitorationem
491 912 974 1009 Pronunrinatioestquaesicuti
986 914 1178 989 cognomine

131 1003 267 1078 quodam
282 1009 429 1061 extraneo
446 988 636 1060 demonstrat
649 992 696 1071 id,
685 984 798 1072 quod
813 1012 871 1057 suo
886 995 1011 1057 nomine
1025 1014 1088 1059 non
1103 1006 1175 1074 pot-

130 1096 179 1147 est
192 1082 359 1161 appellari,
375 1092 409 1146 ut
423 1082 450 1144 si
466 1082 545 1157 quis,
562 1098 658 1158 quum
671 1082 815 1156 loquatur
829 1081 868 1140 de
879 1079 1098 1143 GracchisrAt
1058 1084 1176 1143 Αιιιοιι

130 1168 268 1229 Africani
283 1176 430 1242 nepotes,
452 1166 585 1241 inquiet,
600 1163 775 1227 istiusmodi
791 1164 922 1225 luerunt
958 1164 1073 1225 Item
1049 1164 1173 1241 siquis,

131 1254 171 1314 de
194 1251 374 1312 adversario
401 1267 496 1326 quum
521 1250 617 1309 dicat:
644 1248 757 1309 Videte
782 1264 879 1323 nunc,
902 1247 1017 1324 inquit,
1041 1247 1178 1324 iudiceS,

131 1335 392 1411 quemadmodum
412 1349 462 1392 me
482 1331 695 1410 Plagioxypus
716 1332 775 1392 iste
796 1332 942 1393 tractarit.
984 1332 1051 1390 Hoc
1075 1341 1177 1406 pacto

130 1436 194 1480 non
213 1416 544 1492 inornatepoterimua
558 1417 629 1476 etin
644 1418 838 1478 laudandoet
853 1417 1177 1491 inlaedendo,incor-

130 1519 209 1579 pore
223 1510 275 1563 aut
289 1500 391 1562 animo
407 1509 461 1562 aut
474 1500 630 1563 extraneis
644 1502 739 1562 rebus
754 1499 867 1575 dicere,
883 1498 974 1562 sicuti
987 1515 1175 1575 cognomen,

132 1587 218 1662 quod
230 1601 287 1661 pru
302 1594 385 1646 certo
398 1583 522 1646 nomine
535 1585 733 1647 collocemus.
756 1584 874 1644 XXXII
889 1581 941 1646 la
956 1582 1150 1647 Dencminat
1130 1594 1173 1647 ιιο

130 1679 193 1745 est,
220 1686 301 1745 quae
322 1670 361 1729 ab
376 1670 470 1730 rebus
486 1669 673 1746 propinquis
688 1676 719 1730 et
732 1667 869 1729 finitimis
884 1648 977 1729 trahrt'
980 1646 1179 1742 oram
1267 1702 1268 1753 q

134 1770 193 1827 qua
207 1752 311 1831 possit
323 1751 450 1830 intelligi
464 1770 525 1826 res,
542 1770 623 1830 quae
638 1770 701 1815 non
716 1768 775 1815 suo
788 1754 940 1814 vocabulo
953 1750 993 1813 sit
1004 1754 1172 1828 appellata.

129 1840 165 1898 ld
180 1848 233 1899 aut
245 1838 302 1897 ab
294 1846 455 1900 inventore
467 1838 638 1911 conficitur,
652 1846 687 1898 ut
698 1837 724 1897 si
738 1836 818 1913 quis,
834 1837 872 1897 de
884 1835 1015 1911 Tarpeio
1028 1838 1172 1912 loquens,

131 1939 201 1981 eum
223 1922 426 1995 Capitolinum
447 1921 599 1995 nominet,
625 1930 678 1981 aut
697 1923 736 1981 ab
758 1921 898 1995 invento,
923 1920 1005 1982 uisi
1028 1919 1099 1996 quis
1113 1936 1172 1995 pro
1265 1946 1267 1965 ι

131 2004 240 2063 libero
261 2004 383 2077 vinum,
410 2020 468 2079 pro
484 2005 595 2066 Cerere
615 2006 735 2080 frugem
755 2005 907 2079 appellet,
932 2012 986 2065 aut
1006 2005 1046 2065 ab
1060 2004 1173 2064 instru-

131 2095 233 2148 mento
249 2085 415 2159 dominum,
432 2096 466 2147 ut
477 2087 504 2147 si
517 2087 588 2162 quis
598 2088 789 2150 Maccdonas
800 2087 973 2163 appellarit,
989 2088 1050 2149 hoc
1062 2087 1172 2149 modo:

129 2172 197 2233 Non
212 2179 275 2232 tam
289 2168 350 2231 cito
366 2170 483 2231 sarisae
518 2170 647 2232 Graecia
662 2172 779 2247 potitae
795 2181 881 2246 sunt,
903 2170 1053 2234 culidem
1067 2171 1173 2232 Gallos
1266 2218 1267 2245 ,

131 2254 328 2331 significansz
347 2255 410 2315 Nec
425 2264 487 2317 tam
502 2255 592 2316 iacile
607 2272 646 2315 ex
660 2256 747 2316 ltalia
762 2255 886 2316 materis
901 2256 1106 2331 Transalpina
1120 2256 1172 2316 de·
1266 2248 1267 2291 ι

130 2341 223 2417 pulsa
238 2347 301 2411 θοις
317 2348 369 2400 aut
383 2338 430 2412 id,
447 2340 532 2415 quod
547 2340 590 2412 fit,
605 2340 644 2401 ab
660 2357 709 2413 eo,
726 2339 780 2415 qui
794 2340 875 2411 iacit,
890 2349 925 2401 ut
938 2340 965 2401 si
981 2341 1061 2416 quis,
1078 2356 1174 2414 quum

129 2426 212 2486 bello
226 2423 302 2484 velit
315 2424 480 2484 ostendere
494 2423 612 2498 aliquid
628 2422 807 2500 quempiam
821 2421 951 2497 iecisse,
968 2424 1066 2485 dicat:
1088 2423 1174 2483 Mars

129 2507 214 2567 istud
227 2515 257 2566 te
273 2508 376 2566 lacere
390 2506 569 2567 necessario
591 2506 711 2582 coegit3
737 2515 790 2567 aut
808 2506 851 2580 is,
873 2508 926 2582 qui
946 2508 1033 2582 lacit,
1066 2507 1175 2579 abeo,
1265 2514 1266 2517 ’

132 2588 217 2666 quod
228 2590 271 2661 fit,
286 2596 320 2649 ut
332 2607 427 2664 quum
438 2589 628 2650 desidiosam
639 2597 736 2651 artem
747 2590 895 2665 dicemus,
909 2593 982 2668 quia
993 2586 1174 2652 desidiosos
1265 2598 1266 2603 ’

130 2673 218 2746 latim
234 2681 264 2734 et
279 2671 375 2748 frigus
390 2673 520 2750 pigrum,
538 2673 610 2750 quia
624 2674 732 2750 pigros
748 2673 852 2736 eflicit.
873 2675 984 2750 Abeo,
1001 2673 1087 2752 quod
1098 2687 1174 2734 con·

130 2760 221 2834 tinet,
236 2758 283 2832 id,
300 2759 386 2834 quod
400 2757 580 2832 continetur,
595 2758 657 2820 boc
670 2759 765 2820 modo
781 2758 1043 2821 denominabitur:
1068 2756 1175 2819 Αιιιιιε
1264 2834 1265 2837 ¹

129 2844 217 2908 ltalia
229 2860 294 2906 non
309 2851 415 2921 potest
426 2842 510 2904 vinci
525 2858 582 2903 nec
598 2842 728 2905 Graecia
742 2841 925 2918 disciplinis.
955 2843 1033 2905 Nam
1047 2839 1098 2901 hic
1113 2858 1174 2917 pro
1264 2854 1265 2857 ’

129 2929 257 2990 Graecis
271 2937 301 2990 et
311 2927 405 3004 Italis,
421 2945 502 3004 quae
514 2926 680 3001 continent,
692 2926 848 2989 nominata
859 2935 940 2990 sunt.
962 2926 1071 2996 Abeo,
1086 2924 1176 2998 quod

132 3012 312 3084 continetur,
328 3012 369 3085 id,
387 3013 472 3089 quod
487 3010 679 3082 commetat
694 3011 720 3071 si
737 3009 807 3086 quis
822 3028 929 3072 aurum
944 3015 997 3069 out
1010 3015 1177 3081 argentum

131 3098 184 3151 aut
199 3092 275 3151 ebur
288 3094 433 3168 nominet,
449 3111 546 3170 quum
560 3092 684 3155 divitias
698 3094 773 3155 velit
787 3093 954 3155 nominare.
974 3090 1090 3152 nurum
1105 3106 1175 3151 om-

131 3171 215 3233 nium
230 3175 513 3240 denominationum
528 3175 626 3252 magis
641 3176 673 3237 in
688 3175 910 3253 praecipiendo
926 3174 1056 3250 divisio,
1078 3192 1176 3250 quam

131 3254 163 3313 in
179 3259 357 3327 quaerendo
373 3259 532 3320 difficilis
524 3259 660 3321 mventio
676 3268 733 3332 est,
748 3260 820 3323 ideo
837 3261 922 3336 quod
932 3262 1028 3337 plena
1040 3275 1175 3321 consue-

132 3336 206 3394 tudo
228 3343 277 3392 est
297 3351 359 3394 non
379 3344 472 3400 modo
494 3347 656 3416 poetamm
677 3351 708 3402 et
721 3350 892 3417 oratorum,
916 3347 1019 3407 sedt
988 3354 1019 3407 et
1020 3345 1081 3405 iam
1095 3340 1176 3403 coti

124 3411 215 3473 >diarii
231 3416 382 3474 sermonis
396 3420 573 3483 huiusmodi
589 3422 879 3486 denominationum
