2575 3892
113 114 176 183 120
481 111 531 170 on
553 109 789 171 rnvsunonn
1142 126 1192 181 13
1247 188 1259 207 ι

113 265 276 335 seriarum,
299 279 391 337 qiam
412 264 576 322 verborum
598 260 790 325 multitudine
811 263 1085 336 supersedendum
1107 277 1183 328 est.

113 349 162 410 29.
189 350 307 421 aperta
327 354 429 407 autem
443 347 576 406 namatio
592 346 704 421 poterit
718 360 805 417 essa,
828 346 871 419 si,
893 353 927 406 ut
943 345 1086 422 quidque
1101 355 1180 426 pri·

113 447 193 491 rnnm
213 438 337 504 gestum
358 431 429 503 erit,
452 432 493 492 ita
516 431 646 505 primurn
661 436 848 504 exponetur,
870 436 899 491 et
913 446 1015 495 rernm
1030 448 1069 496 ac
1086 441 1176 501 tenr-

113 530 222 589 pornm
237 512 314 574 ordo
331 514 518 585 servabitur,
542 523 574 573 ut
589 516 630 573 ita
644 521 821 588 narrenttm
835 519 989 587 uigentes
1003 530 1055 576 res
1071 529 1177 585 erunt
1243 580 1247 591 ,

112 607 163 658 aut
177 606 210 657 ut
225 598 366 672 potuisse
380 599 446 672 geri
460 598 656 659 videbuntur.
689 597 746 659 Hie
761 598 818 659 erit
831 598 1109 674 considerandum,
1125 621 1172 663 ne
1242 648 1251 675 ,

113 682 186 757 quid
205 682 396 756 perturbate,
412 696 451 741 ne
468 679 541 756 quid
557 687 697 743 contorte
711 682 839 754 dicatur,
854 696 1003 756 nequam
1020 684 1052 741 in
1068 683 1170 747 aliam
1241 684 1254 723 i

112 782 176 825 rem
201 772 388 836 transeatur,
414 780 454 825 ne
476 766 514 825 ab
535 764 640 826 uldmo
666 771 837 838 repetatur,
861 780 903 827 ne
924 765 964 825 ad
987 773 1167 830 extremum
1239 726 1253 815 i

114 850 294 923 prodeatur,
310 866 350 908 ne
363 849 448 925 quid,
467 848 552 923 quod
567 849 608 909 ed
622 864 689 908 rem
702 849 861 925 pertineat,
878 855 1109 922 praetereatum
1126 860 1167 913 'et
1246 860 1251 875 ·

115 934 253 1003 omnino,
279 949 359 1008 qnae
382 941 548 1008 praecepta
567 934 608 992 de
627 932 777 993 brevitate
797 940 885 1006 sunt,
907 931 968 997 boe
987 950 1118 1009 qnoque
1132 937 1164 994 in
1247 902 1257 1025 J

112 1032 225 1089 genere
247 1026 319 1093 sunt
340 1018 565 1077 conservanda.
595 1016 673 1077 Nam
691 1031 789 1091 saepe
808 1031 860 1079 res
882 1031 992 1090 parurn
1006 1025 1056 1079 est
1069 1018 1161 1079 intel·
1249 1028 1255 1071 t

112 1102 192 1157 ieota
211 1100 402 1172 longitudine
423 1101 538 1173 tnagis,
567 1116 660 1174 quarn
680 1098 868 1163 obscuritate
888 1099 1083 1163 narrationis
1110 1106 1161 1166 Ae
1251 1114 1257 1175 ζ

112 1181 216 1240 verbis
237 1198 364 1257 quoqne
382 1183 524 1242 dilucidis
539 1184 687 1243 utendum
702 1190 766 1251 est;
789 1199 853 1258 quo
868 1182 909 1245 de
923 1198 1037 1257 genere
1050 1185 1156 1247 dioen-
1252 1182 1259 1257 ἱ

113 1266 246 1323 domest
261 1265 292 1323 in
309 1265 485 1340 praeceptis
500 1265 694 1327 elocutionis.
720 1266 800 1329 XXL
828 1265 1000 1331 Probabilis
1014 1267 1069 1350 erit
1083 1285 1157 1329 nar·

111 1348 202 1420 ratio,
225 1348 251 1406 si
273 1348 304 1407 in
325 1364 363 1407 ea
383 1348 568 1410 videbuntur
587 1350 694 1411 inesse
713 1355 764 1422 ea,
787 1366 869 1425 quae
890 1350 991 1413 solent
1002 1364 1160 1427 apparere
1260 1368 1261 1373 ’

112 1433 142 1491 iu
158 1432 299 1503 veritate;
325 1433 351 1494 si
366 1449 570 1508 personarum
581 1434 744 1509 dignitates
757 1435 982 1504 servabunturs
1002 1435 1159 1500 sieausae

112 1517 262 1575 tactorum
277 1519 459 1587 exstabunt3
474 1519 502 1578 si
517 1519 615 1579 fuisse
629 1520 790 1581 facultates
803 1519 940 1581 iaoiundi
954 1518 1157 1592 momontum
1260 1568 1261 1575 ,

112 1600 138 1658 si
157 1608 281 1676 tempus
302 1603 463 1676 idoneum,
486 1604 513 1663 si
534 1604 626 1678 spatii
649 1603 741 1677 satis,
762 1604 789 1663 si
803 1605 892 1664 iosus
908 1609 1103 1678 opportunus
1119 1605 1158 1667 ad
1260 1614 1261 1617 ’

113 1698 180 1742 eam
196 1700 277 1757 rem,
300 1702 362 1760 qna
383 1685 478 1747 dere
499 1688 686 1759 narrabitur,
707 1684 806 1748 tuisse
826 1691 1024 1762 ostendetur,
1051 1690 1153 1753 sires

112 1774 142 1825 et
158 1767 197 1826 ad
213 1784 335 1841 eorum,
358 1768 532 1847 quissent,
556 1780 697 1832 naturam
718 1780 749 1832 et
766 1772 806 1833 ad
827 1772 913 1848 voigi
926 1789 1047 1837 morem
1068 1782 1100 1835 et
1113 1777 1153 1839 ad

111 1865 232 1921 eorum,
257 1852 310 1924 qui
326 1853 468 1923 audient,
492 1853 669 1928 opinionem
686 1857 983 1920 aoeommodabitur.
1026 1862 1073 1921 Ae
1087 1859 1154 1917 neri

113 1936 238 2008 quidem
253 1935 360 1995 similis
372 1951 412 1993 ex
426 1935 474 1994 bis
486 1935 658 1996 rationibus
667 1949 742 1995 esse
753 1934 874 2009 poterit.
888 1931 949 1997 di).
964 1934 1157 1999 illudentem

110 2024 271 2091 praeterea
287 2018 486 2077 considerare
499 2018 669 2091 oportebit,
684 2032 733 2091 ne,
749 2024 802 2081 eut
816 2034 911 2092 quum
925 2018 1009 2078 obsit
1023 2017 1158 2078 narratio

111 2107 163 2159 aut
179 2114 273 2174 quum
287 2099 361 2159 nihii
375 2101 484 2176 prosit,
499 2109 601 2161 tamen
616 2102 844 2176 interponebam
869 2110 1000 2163 autnon
1016 2104 1087 2162 loeo
1105 2112 1159 2162 aut
1256 2144 1261 2175 ,

112 2200 189 2257 non,
216 2184 476 2259 quemadmodum
498 2202 593 2246 eausa
613 2187 765 2260 postuiat,
786 2193 934 2247 narretur.
969 2183 1065 2246 Obest
1082 2191 1158 2258 tum,
1257 2176 1261 2195 ⁴

112 2286 204 2344 quum
229 2268 330 2343 ipsius
351 2270 397 2328 rei
418 2277 526 2344 gestae
546 2270 701 2344 expositio
721 2284 864 2343 magnam
879 2267 995 2343 exeipit
1010 2267 1161 2328 offensio—

110 2369 189 2423 nem,
207 2369 300 2426 quam
314 2354 555 2426 argumentando
568 2362 600 2413 et
615 2368 742 2413 eausam
756 2354 878 2426 egendo
893 2352 979 2415 leniri
991 2352 1158 2426 oportebit.
1260 2344 1261 2361 ¹

111 2436 201 2507 Quod
217 2452 312 2507 quum
337 2440 463 2509 oceidit,
493 2439 684 2498 membratim
702 2437 858 2511 oportebit
873 2443 976 2512 partes
988 2434 1032 2493 rei
1046 2441 1162 2506 gestae

110 2518 291 2591 dispergere
312 2518 343 2574 in
359 2533 486 2578 oausam
505 2526 537 2578 et
550 2520 590 2578 ad
605 2536 699 2579 unam
716 2536 871 2596 quamque
890 2517 1048 2582 confestim
1059 2518 1160 2578 ratio-

110 2617 181 2661 nem
204 2601 456 2676 accommodare,
478 2610 510 2662 nt
522 2604 644 2665 vuineri
660 2610 787 2679 praesto
802 2606 1058 2668 medicamentum
1072 2601 1114 2661 sit
1128 2610 1162 2660 et

111 2686 215 2748 odium
236 2687 339 2746 statim
360 2686 501 2748 defensio
521 2689 648 2764 mitiget.
684 2688 763 2748 Nihil
784 2689 913 2762 prodest
932 2686 1065 2751 narratio
1080 2693 1156 2758 tum,

112 2794 205 2852 quum
226 2775 266 2836 ab
288 2776 477 2836 adversariis
498 2793 533 2836 re
554 2775 698 2852 exposita
719 2779 828 2835 nostra
847 2773 921 2837 nibil
948 2774 1076 2834 interest
1097 2772 1150 2833 ite-

110 2880 177 2922 rum
200 2870 254 2923 aut
274 2861 334 2922 aiio
360 2862 454 2922 modo
470 2876 612 2933 narrare3
642 2865 697 2920 aut
721 2858 761 2917 ab
787 2857 841 2928 iis,
859 2857 917 2932 ,qui
941 2854 1084 2926 audiunt,
1109 2854 1151 2914 ita

109 2954 233 3005 tenetur
256 2945 430 3021 negotium,
456 2953 491 3006 ut
516 2952 624 3005 nostra
649 2940 724 3003 nihii
751 2939 873 3002 intersit
891 2956 948 3002 eos
972 2940 1033 3003 aiio
1058 2947 1149 3015 paeto

110 3032 233 3091 dooere.
270 3033 359 3105 Quod
386 3047 480 3106 quum
507 3031 632 3103 accidit,
660 3030 783 3089 omnino
809 3029 985 3089 narratione
1011 3037 1154 3101 superse-

109 3113 244 3172 dendum
257 3123 315 3174 est.
347 3116 415 3175 Non
429 3116 499 3174 loeo
515 3113 639 3189 dieitur,
656 3128 750 3190 quum
764 3129 827 3172 non
841 3113 873 3172 in
888 3128 926 3172 ea
940 3117 1028 3186 parte
1044 3106 1158 3170 oratio·

109 3196 157 3252 nis
180 3196 362 3268 collocatur,
383 3199 414 3256 in
436 3214 569 3272 quares
592 3200 743 3273 postulem
764 3213 828 3271 quo
842 3196 883 3256 de
898 3210 1014 3270 genere
1029 3206 1155 3266 agemus

110 3286 181 3344 turn,
198 3291 293 3346 quum
307 3278 347 3332 de
362 3280 566 3351 dispositione
581 3283 737 3349 dicemus3
760 3297 831 3339 nam
843 3280 904 3338 bon
919 3279 959 3337 ad
975 3273 1152 3350 dispositio-

111 3372 180 3412 nem
195 3355 334 3424 pertinet
365 3357 432 3414 Non
453 3364 712 3431 quemadmodum
727 3378 822 3421 eausa
837 3360 983 3435 postulat,
1003 3364 1154 3426 narratur,
