2575 3892
95 147 156 210 raa
464 141 763 203 ournvnunonu
1103 154 1141 210 96

95 299 271 373 ambiguum
293 304 346 357 ant
365 312 423 371 per
443 296 705 355 ratiocinationem
725 303 777 355 aut
797 311 853 370 per
868 294 1078 356 definitionem
1092 300 1139 359 irr-

97 384 183 455 duci,
204 383 247 440 uti
268 380 403 441 sanctius
419 387 450 439 et
464 380 579 439 firmius
594 378 626 437 id
640 379 779 439 videatur
793 394 879 451 esse,
902 379 986 452 quod
1003 383 1141 454 apertius

96 467 246 540 seriptum
259 466 313 531 sit;
330 463 443 522 deinde
453 479 529 523 snae
543 462 603 536 legi
614 462 655 519 ad
670 459 819 535 scriptum
834 461 937 535 ipsum
956 466 1140 526 sententiam

99 564 224 624 quoque
245 548 427 622 adiungere,
450 547 633 607 contrariam
653 548 752 620 legem
768 549 839 607 item
855 546 894 605 ad
910 545 1000 606 aliam
1015 557 1138 608 senten·

95 634 170 693 tiam
183 632 399 705 transducere,
422 638 470 705 ut,
492 632 518 690 si
533 630 600 689 lieri
615 631 742 704 poterit,
764 647 803 690 ne
818 631 997 704 discrepare
1012 633 1141 707 quidem

97 716 258 775 videantur
269 716 346 774 inter
357 730 407 784 se3
423 721 580 788 postremo
593 714 704 785 lacere,
717 715 744 774 si
756 730 851 775 causa
862 715 1037 775 facultatem
1043 716 1142 789 dabit,

98 807 131 859 ut
150 806 258 859 nostra
277 799 396 858 ratione
417 805 547 873 utraque
566 798 617 855 lex
632 799 811 857 conservari
826 798 976 873 videatur,
992 799 1138 858 adversa-

96 883 212 943 riorum
226 883 344 942 ratione
359 883 454 941 altera
465 882 505 941 sit
517 877 696 942 necessario
709 882 901 957 negligenda.
921 882 1023 942 Locos
1036 890 1138 963 autem

97 980 277 1026 communes
298 973 342 1037 et,
365 981 445 1038 quos
466 967 536 1040 ipsa
558 980 653 1023 causa
673 965 739 1038 det,
760 965 866 1023 videre
881 966 1033 1038 oportebit
1053 974 1083 1025 et
1098 982 1139 1024 ex

98 1050 232 1110 utilitatis
254 1056 344 1108 etex
369 1048 539 1108 honestatis
561 1048 758 1119 amplissimis
782 1048 919 1121 partibus
942 1064 1064 1108 sumere
1084 1050 1132 1107 de·

98 1138 317 1193 monstrantem
343 1147 400 1204 per
425 1129 705 1206 amplificationem,
735 1131 775 1189 ad
796 1133 895 1191 utram
915 1132 1016 1205 potius
1037 1134 1139 1206 legem

99 1218 248 1296 accedere
263 1222 413 1288 oporteat.
655 1211 658 1218 ⁴

181 1299 214 1355 L.
240 1295 307 1356 148.
332 1296 379 1354 Ex
393 1296 624 1357 ratiocinatione
640 1298 775 1357 nascitur
794 1299 1017 1367 conuoversia,
1041 1314 1135 1371 quum

99 1399 139 1441 ex
153 1379 206 1453 ea,
216 1395 219 1400 ’
228 1380 313 1455 quod
325 1379 447 1454 uspiam
462 1389 517 1451 est,
540 1383 581 1440 ad
595 1382 634 1453 id,
652 1381 736 1456 quod
749 1395 904 1455 nusquam
918 1381 1063 1456 seriptum
1079 1388 1137 1453 est,

98 1466 233 1538 venitur,
249 1464 308 1524 hoc
322 1470 430 1539 pacto:
450 1463 529 1522 Lex:
553 1463 588 1523 Sr
602 1480 747 1525 corrosus
761 1480 860 1537 usur,
877 1479 1022 1526 nonarum
1036 1479 1137 1523 cauri-

98 1564 227 1617 rrunouu
242 1564 273 1606 ru
287 1563 326 1606 uo
341 1562 525 1615 rucuuraoou
540 1564 607 1608 urus
622 1564 771 1612 rorasuas
785 1562 870 1609 asro.
888 1548 926 1608 Et
940 1550 1006 1608 lex:
1021 1545 1139 1606 Parna-

99 1648 245 1692 raunms
260 1648 308 1690 uri
324 1647 415 1690 surra
430 1646 558 1690 ramma
573 1646 758 1699 urrumnoda
774 1648 832 1692 son
846 1646 1006 1706 uucnssrr,
1021 1648 1072 1690 run
1089 1647 1138 1691 rus

99 1732 183 1776 usuc.
208 1715 247 1777 Et
260 1717 326 1775 lex:
349 1714 384 1775 Sr
403 1729 645 1775 ramaranmms
666 1731 829 1777 iurnsrnro
844 1730 988 1790 uoarrua,
1010 1731 1140 1773 rantum

100 1814 285 1866 rucuumouu
305 1815 374 1859 mus
396 1815 540 1858 nonarum
561 1815 778 1867 auurumnouc
799 1812 885 1859 asro.
916 1795 988 1859 149.
1011 1799 1140 1872 Quidam

101 1884 251 1943 iudicatus
267 1891 314 1942 est
328 1891 485 1955 parentem
501 1884 663 1943 occidisse.
691 1882 726 1941 m
741 1882 857 1956 statim,
874 1884 961 1957 quod
974 1882 1139 1956 effugiendi

101 1974 238 2042 potestas
255 1981 315 2025 non
332 1967 400 2039 luit,
421 1968 541 2041 ligneae
556 1969 661 2026 soleae
674 1968 705 2026 in
719 1966 818 2041 pedes
832 1966 976 2027 inductae
991 1975 1077 2033 sunm
1100 1981 1136 2025 os

102 2056 202 2109 autern
223 2049 400 2109 obvolutum
422 2058 470 2110 est
483 2050 618 2110 folliculo
636 2058 667 2109 et
680 2050 898 2124 praeligatum
921 2050 1033 2109 deinde
1048 2057 1094 2109 est
1108 2049 1139 2107 in

102 2146 256 2192 carcerem
279 2132 445 2206 deductuS,
465 2141 499 2195 ut
517 2134 560 2193 ibi
582 2141 668 2193 esset
687 2134 848 2206 tantisper,
868 2133 944 2193 dum
965 2134 1085 2205 culeum,
1108 2132 1140 2190 in

104 2232 194 2291 quem
210 2218 365 2276 coniectus
381 2219 412 2276 in
423 2216 627 2290 profluentem
639 2218 817 2290 deferretur,
833 2223 1071 2290 compararetur.
1092 2216 1139 2275 ln-

101 2309 186 2360 terea
200 2300 324 2375 quidam
339 2302 405 2360 eius
421 2299 585 2360 familiares
600 2302 631 2359 in
647 2315 802 2360 carcerem
816 2299 939 2359 tabulas
955 2300 1097 2360 adierunt
1111 2307 1141 2359 et

67 2417 72 2428 κ
101 2391 196 2444 testes
213 2384 383 2452 adducunt;
399 2384 540 2457 heredes,
558 2400 637 2457 quos
652 2384 731 2459 ipsis
746 2382 832 2455 libel,
849 2383 1000 2451 scribunt;
1016 2383 1140 2442 tabulae

103 2467 310 2539 obsignantur.
333 2467 378 2525 lle
392 2468 443 2526 illo
461 2474 531 2539 post
546 2468 731 2542 supplicium
746 2467 882 2526 sumitur.
904 2467 984 2525 Inter
998 2479 1064 2537 eos,
1085 2465 1139 2538 qui

101 2551 233 2610 heredes
248 2549 280 2606 in
295 2549 405 2608 tabulis
421 2549 527 2624 scripti
542 2558 620 2624 sunt,
638 2557 669 2609 et
682 2551 760 2610 inter
774 2556 902 2625 agnatos
918 2549 957 2609 de
970 2545 1139 2607 hereditate

102 2633 313 2693 controversia
327 2638 383 2692 est.
411 2632 468 2693 Hic
483 2642 567 2694 certa
581 2636 647 2709 lex,
664 2650 744 2710 quae
759 2634 931 2695 testamenti
946 2631 1075 2692 faciendi
1090 2632 1138 2702 iis

103 2719 155 2794 qui
175 2718 207 2776 in
227 2732 264 2777 eo
279 2717 349 2777 loco
364 2717 439 2790 sint,
461 2718 575 2778 adimat
587 2723 784 2793 potestatem,
801 2719 883 2776 nulla
897 2718 1060 2791 profertur.
1092 2714 1140 2771 Ex

103 2802 232 2861 caeteris
247 2801 366 2875 legibus
378 2809 409 2861 et
421 2816 500 2877 quae
514 2801 595 2862 huno
609 2804 711 2876 ipsum
727 2801 879 2877 supplicio
895 2795 1071 2860 huiusmodi
1086 2798 1138 2856 ad-

101 2884 209 2946 ficiunt
229 2897 259 2944 et
281 2900 361 2959 quae
382 2884 422 2944 ad
441 2886 614 2946 testamenti
634 2885 766 2945 faciendi
781 2891 964 2959 potestatem
978 2883 1138 2958 pertinent,

101 2984 159 3042 per
173 2969 435 3030 ratiocinationem
449 2969 634 3029 veniendum
650 2977 698 3030 est
712 2969 752 3029 ad
767 2968 919 3029 eiusmodi
933 2968 1092 3036 rationem,
1107 2971 1139 3022 ut

103 3059 283 3127 quaeratur,
304 3052 484 3114 habueritne
504 3054 677 3114 testamenti
698 3052 830 3112 faciendi
851 3057 1044 3125 potestatem.
1068 3045 1138 3108 150.

101 3133 202 3195 Locos
219 3143 319 3195 autem
341 3151 518 3196 communes
538 3137 570 3195 in
589 3136 649 3198 hoe
664 3151 777 3211 genere
792 3134 1023 3210 argumentandi
1037 3132 1096 3190 hos
1111 3136 1140 3188 et

101 3212 279 3273 huiusmodi
299 3220 451 3289 quosdam
473 3234 545 3279 esse
566 3220 762 3287 arbitramur3
785 3220 916 3293 primum
937 3219 1003 3277 eius
1025 3214 1139 3288 scripti,

103 3294 189 3363 quod
203 3297 359 3369 proferas,
381 3302 587 3362 laudationem
602 3309 633 3361 et
647 3302 925 3370 confirmationem
948 3298 1058 3360 deinde
1073 3297 1139 3354 eius

102 3374 161 3441 ¹⁸01,
179 3386 239 3441 (lua
254 3373 293 3428 de
309 3389 573 3455 quaeratur,rcum
588 3400 640 3459 eo,
663 3387 778 3459 dequo
796 3390 931 3458 constet,
948 3380 1140 3442 collationem
