2575 3892
117 215 148 271 ῃ
343 205 496 263 LlBEltl.
519 200 921 270 CAP.12-rc§.1o-19.
1093 202 1153 267 113

118 357 204 426 dere,
225 362 288 414 tum
302 353 381 414 inter
395 369 432 413 se
447 353 527 412 duae
542 353 627 426 leges
642 361 696 411 aut
708 353 811 426 plures
826 354 1014 429 discrepare,
1035 363 1099 427 tum
1113 353 1154 430 id,

118 438 204 513 quod
224 436 451 511 scriptumest,
477 436 556 494 duas
571 440 623 494 aut
637 437 742 509 plures
756 451 807 495 res
823 435 1011 510 significare3
1036 446 1099 498 tum
1114 456 1155 499 ex

117 537 166 594 ee,
183 521 268 595 quod
282 519 429 594 scriptum
444 527 501 589 est,
517 518 852 593 allucpuoquepquod
866 536 927 581 non
939 521 1085 594 seriptum
1097 532 1152 595 est,

70 636 72 639 ·
117 602 263 672 inveniri;
291 611 354 660 tum
375 601 423 660 vis
440 601 524 659 verbi
541 601 632 675 quasi
647 601 677 659 in
694 601 851 662 definitiva
866 603 1098 678 constitutione,
1122 606 1153 667 iu

118 703 183 761 quo
206 683 309 760 posita
331 684 385 756 sit,
413 683 528 758 quaeri.
565 684 665 757 Quare
679 684 811 760 primum
825 700 924 759 genus
940 687 979 746 de
995 687 1109 762 scripto
1125 698 1155 748 et

120 767 286 841 sementim
314 768 490 828 seeundum.
507 783 548 826 cx
569 768 730 829 contrariis
751 768 887 843 legibus3
915 768 1036 840 tertium
1061 772 1155 831 ambi-

118 868 227 927 guum3
256 859 397 925 quartum
416 849 675 921 ratiocinativum
702 850 840 926 quintum
855 852 1044 914 definitivum
1060 855 1155 913 nomi-

118 951 238 994 namus.
277 933 327 995 18.
348 934 438 994 Ratio
460 943 639 1005 escatilem
667 952 761 1008 quum
775 935 874 995 omnis
890 936 1032 1011 quaestio
1047 953 1110 998 non
1125 937 1154 997 in

119 1017 368 1091 scriptioneserl
383 1018 414 1075 iu
429 1017 533 1092 aliqua
547 1018 808 1092 argumentatione
823 1018 973 1080 consistit.

199 1103 246 1160 Ac
268 1108 354 1173 tum‚.
373 1100 570 1162 considerato
588 1117 703 1176 genere
717 1118 846 1175 caueae,
872 1103 994 1177 cognita
1009 1103 1155 1163 eonstitu-

119 1183 212 1257 tione,
230 1201 325 1257 quum
339 1184 520 1258 euuplexne·
543 1200 582 1244 en
603 1184 707 1244 iuncto
725 1186 766 1245 sit
785 1185 974 1247 intellexeris
997 1195 1029 1247 et
1049 1186 1156 1262 scripti

119 1284 159 1327 au
178 1265 307 1327 rationis
328 1267 442 1328 habeat
460 1270 702 1329 controversiam
717 1268 848 1341 videris,
875 1270 1024 1345 deinceps
1040 1270 1097 1329 erit
1111 1270 1156 1328 vi-

118 1350 268 1425 dendum,
295 1367 376 1426 quae
391 1350 550 1426 quaestio,
575 1369 655 1426 quae
669 1352 764 1426 ratio,
788 1368 870 1427 quae
884 1352 1046 1427 iudicatio,
1072 1354 1157 1428 quod

118 1435 342 1494 firmamentum
362 1451 478 1495 causae
498 1435 553 1504 sit;
579 1452 659 1509 quae
680 1436 815 1499 omnies
830 1437 1047 1500 constitutione
1062 1436 1156 1511 profi-

120 1516 277 1575 ciscantur
291 1525 420 1591 oportet.
442 1517 587 1590 Quaestio
603 1527 652 1576 est
666 1535 711 1591 ea,
728 1535 808 1593 quae
823 1535 864 1577 ex
875 1519 1072 1579 conflictione
1085 1536 1156 1581 cau-

113 1614 225 1658 sarum
245 1598 380 1673 gignitur
399 1602 626 1678 controversia,
650 1605 711 1664 hoc
731 1607 841 1667 modo:
867 1608 935 1666 Non
957 1606 1023 1666 iure
1045 1605 1154 1667 iecisti.

120 1681 191 1738 lure
205 1679 276 1738 ieci.
317 1679 486 1755 Causarum
501 1687 669 1740 autemest
690 1680 862 1752 conflictio,
881 1680 914 1738 in
931 1695 992 1753 qua
1015 1678 1161 1740 constitu·

119 1762 166 1823 tio
179 1769 313 1823 constat.
348 1763 395 1821 Ex
410 1779 448 1823 ea
460 1763 554 1838 igitur
566 1758 707 1823 nascitur
719 1762 945 1833 conuoversla,
960 1778 1054 1836 quam
1069 1777 1160 1835 quae-

120 1846 255 1906 stionem
272 1845 417 1918 dicimus,
440 1847 534 1909 haec:
560 1848 672 1906 Iurene
685 1847 814 1911 iecerit?
840 1846 931 1906 Ratio
949 1852 997 1909 est
1012 1861 1064 1916 ea,
1082 1860 1162 1918 quae

13 1929 20 1981 ἶ
119 1930 260 1992 continet
281 1945 421 2002 causam,
449 1947 530 2004 quae
551 1932 579 1990 si
598 1931 721 1992 sublata
742 1930 797 2003 sit,¹
822 1929 896 1989 nihil
919 1930 950 1988 in
972 1942 1068 1990 causa
1089 1942 1161 1988 con-

118 2014 295 2075 troverslae
311 2015 517 2089 relinquatur,
538 2015 599 2075 hoc
613 2016 722 2086 niodo,
743 2021 777 2075 ut
798 2014 932 2075 docendi
946 2024 1046 2074 ‘causa
1068 2011 1098 2072 in
1118 2014 1160 2070 fa-

119 2098 170 2158 cili
193 2105 223 2158 et
244 2100 429 2172 pervulgato
451 2101 595 2173 exemplo
617 2100 842 2161 consistamus:
875 2099 1001 2158 Orestes
1023 2098 1051 2158 si
1071 2112 1161 2156 accu-

12 2234 15 2237 .
123 2191 208 2244 settu
221 2182 401 2254 maurusii,
419 2180 482 2241 nisi
495 2182 556 2241 hoc
571 2180 669 2240 dicam
694 2182 764 2255 Iure
777 2180 853 2252 ieci;
879 2178 931 2241 illa
945 2181 1026 2242 enim
1040 2189 1158 2256 patrem

13 2264 23 2349 g
122 2281 225 2327 meum
239 2264 409 2325 occiderat:
426 2282 489 2326 non
502 2264 595 2324 hahet
608 2263 838 2324 defensionem
854 2281 915 2340 qua
926 2266 1049 2325 sublata·
1058 2263 1156 2324 omnis

13 2347 28 2408 s.
124 2348 339 2411 conuouersie
354 2365 480 2424 quoque
494 2347 616 2408 sublata
629 2346 678 2407 sit.
699 2347 783 2422 Ergo
797 2346 863 2408 eius
879 2362 993 2408 causae
1008 2346 1085 2407 ratio
1102 2354 1159 2418 eet,

110 2434 213 2508 quod
230 2433 281 2492 illa
294 2433 556 2506 Agamemnonem
578 2429 735 2492 occiderit
771 2431 920 2492 Iudicatio
934 2439 997 2504 eet,
1025 2444 1105 2505 quae
1119 2445 1159 2488 ex

18 2560 32 2595 r
123 2515 328 2577 infirmatione
347 2525 378 2577 et
392 2515 624 2578 confirmatione
637 2514 766 2576 rationis
782 2515 919 2577 nascitur
937 2513 1158 2577 connovereia.

18 2596 30 2684 iv]
122 2601 199 2660 Nam
220 2599 259 2660 sit
279 2616 317 2659 ea
331 2599 424 2659 nobie
436 2597 580 2674 exposita
592 2598 687 2673 ratio,
712 2614 805 2673 quam
818 2600 924 2675 paullo
937 2607 1009 2660 ante
1024 2615 1159 2674 exposu-

12 2730 30 2773 ΙΙ,
123 2683 220 2743 imus:
236 2681 288 2740 illa
303 2682 385 2740 enim
398 2698 512 2755 metum
523 2682 631 2755 inserit,
647 2691 764 2755 patrem
779 2683 943 2742 occiderat.
974 2684 1016 2742 Ar
1028 2699 1100 2754 non,
1115 2681 1161 2739 in-

16 2800 30 2841 g,
126 2765 211 2840 quiet
219 2765 428 2837 adversarius,
435 2766 492 2824 abs
507 2773 538 2824 te
553 2764 616 2823 lilio
631 2773 760 2824 matrem
773 2762 877 2824 necari
892 2762 1042 2838 oportum
1062 2765 1162 2838 potuit

127 2846 292 2908 enimsine
306 2854 362 2905 tue
375 2849 495 2906 scelere
509 2844 591 2905 illius
606 2847 720 2906 motum
734 2845 845 2921 puniri.
878 2847 958 2906 XIV.
973 2846 1095 2905 lernae
1119 2845 1162 2907 di-

11 2926 31 3001 '‚]'
126 2929 272 2991 ductione
296 2927 424 2989 rationis
448 2929 501 2988 illa
521 2930 641 2987 summa
660 2929 799 2991 nascitur
817 2927 1044 3003 controversia,
1070 2947 1161 3005 quam

13 3015 32 3101 ζ
125 3011 345 3076 iudicationem
359 3012 562 3088 appellamus.
595 3011 641 3072 Ea
655 3019 705 3073 est
716 3012 907 3075 huiusmodi:
933 3010 1101 3075 Rectumne
1116 3017 1162 3076 lu.

15 3076 33 3165 ³2ss
125 3098 186 3159 erit
199 3097 238 3158 ab
255 3095 362 3158 Oreste
377 3106 504 3158 matrem
519 3094 628 3169 occidi,
644 3113 739 3172 quum
753 3096 806 3156 illu
817 3095 933 3159 Orestis
948 3108 1066 3174 patrem
1082 3100 1160 3160 occi-

19 3170 31 3255 J'
127 3183 235 3243 disset.
260 3179 559 3242 terinaneum
574 3180 812 3243 estlirmissima
825 3184 1046 3258 argumentatio
1058 3184 1162 3244 defen·

13 3318 35 3345 Ι
126 3265 209 3326 soris
230 3272 261 3325 et
281 3263 515 3342 appositissima
535 3265 575 3324 ad
595 3263 829 3327 iudicationem:
854 3275 889 3329 ut
908 3267 936 3327 si
951 3267 1024 3328 velit
1038 3267 1163 3328 Orestes

11 3346 35 3447 Ι“
127 3348 232 3410 dicere
247 3347 398 3413 eiusmodi
413 3349 547 3410 animum
560 3350 758 3410 matrissuae
772 3349 870 3411 inisse
885 3351 915 3410 in
930 3360 1049 3442 patrem
1064 3363 1162 3415 suum,

17 3466 35 3529 Ιχ
126 3432 158 3492 in
175 3449 210 3491 se
224 3431 326 3572 ipspm
341 3450 379 3492 oo
393 3449 533 3507 sorores,
554 3432 587 3494 in
599 3449 744 3509 regnum,
765 3433 797 3494 in
812 3435 1060 3570 lamamzenerrs
1075 3434 1106 3483 et
1120 3423 1165 3481 la-

174 3531 267 3572 crcne.
297 3558 304 3571 .
