2575 3892
136 189 169 244 61
356 178 472 237 LIBER
485 179 522 236 ll.
546 178 628 236 CAP.
645 186 764 238 11-12.
786 183 811 243 S·
827 185 948 240 34—40.
998 196 1053 219 t»
1115 177 1174 241 163

136 328 199 390 vita
220 327 370 404 pecuniae
393 325 525 400 cupidus
540 325 637 387 luisse
653 327 809 387 doceatur.
841 326 897 388 Hic
912 329 964 389 illa
977 345 1089 404 magna
1104 346 1173 390 cum

137 412 283 487 gravitate
295 411 457 471 inducetur
468 409 646 484 indignatio,
657 410 763 485 ,iuncta
775 411 997 486 conquestioni,
1012 429 1174 489 perquam

136 496 282 556 miserum
297 493 417 553 facinus
432 508 504 553 esse
520 501 550 553 et
564 493 723 566 indignum
735 494 1005 565 demonstrantium
1021 505 1062 569 ut,
1079 513 1173 572 quum

137 579 257 638 animas
272 577 303 635 in
317 576 381 637 vita
395 575 486 637 luerit
500 574 582 636 omni
593 575 705 636 avitiis
717 576 953 650 remotissimus,
969 594 1035 638 eam
1047 595 1172 641 causam

137 660 255 736 putare,
277 675 357 735 quae
372 659 513 720 homines
526 660 664 722 audaces
677 658 709 718 iu
723 659 862 720 fraudem
875 677 985 735 rapere
1000 662 1106 732 soleat,
1122 678 1172 723 ca-

138 745 307 805 stissimum
328 760 454 818 quoque
474 743 629 803 hominem
651 743 692 802 ad
704 744 897 818 peccandum
912 744 1053 820 potuisse
1066 745 1172 819 impeta

136 830 215 898 lere;
242 834 295 888 aut
316 825 456 902 iniquum
477 842 549 888 esse
570 836 600 888 et
621 826 735 901 optimo
752 825 864 902 cuique
877 826 1174 904 perniciosissimum

137 926 199 972 non
219 911 311 975 vitam
332 911 463 972 honeste
481 920 580 970 actam
599 910 654 972 tali
675 909 707 968 in
731 918 870 987 tempore
896 927 987 988 quam
1011 910 1174 987 plurimum

136 995 298 1069 prodesse,
314 996 371 1054 sed
387 993 487 1055 subita
502 1010 541 1054 ex
556 993 776 1068 criminatione,
792 1011 871 1068 quae
886 994 1021 1070 confingi
1034 995 1173 1070 quamvis

137 1078 227 1138 facile
241 1077 357 1151 possit,
383 1093 445 1137 non
460 1094 500 1138 ex
513 1086 584 1138 ante
599 1085 668 1137 acta
681 1074 758 1152 vita,
785 1093 864 1152 quae
879 1079 1036 1153 nequead
1052 1087 1173 1154 tempus

137 1161 211 1235 fingi
224 1176 327 1236 neque
337 1161 400 1221 ullo
412 1161 504 1222 modo
516 1159 625 1221 mutari
636 1160 746 1235 possit,
762 1161 864 1222 lacere
875 1162 1030 1223 iudicium.
1052 1159 1103 1223 37.
1119 1161 1173 1221 Sin

137 1253 237 1303 autem
251 1243 282 1302 in
297 1253 367 1304 ante
382 1254 450 1305 acta
464 1243 528 1304 vita
541 1244 665 1320 aliquae
678 1244 883 1318 turpitudines
898 1255 1000 1320 erunt,
1027 1254 1080 1306 aut
1095 1246 1173 1306 lalso

136 1325 261 1388 vonisse
281 1327 312 1387 in
333 1343 401 1388 eam
422 1326 678 1389 existimationem
698 1327 816 1388 dicetur
836 1337 867 1390 et
886 1343 928 1390 ox
943 1329 1115 1405 aliquorum
1128 1328 1173 1389 in-

136 1410 220 1470 vidia
234 1419 286 1469 aut
300 1410 520 1471 obtrectatione
534 1420 586 1471 aut
600 1412 680 1488 lalsa
695 1411 849 1485 opinione,
875 1422 926 1473 aut
940 1411 1172 1488 imprudentiae,

138 1492 375 1564 necessitudini,
394 1492 599 1565 persuasioni,
613 1492 844 1565 adolescentiae
859 1503 911 1554 aut
926 1496 1017 1556 alicui
1032 1511 1095 1556 non
1109 1511 1172 1555 ma·

139 1570 260 1634 liliosae
280 1571 372 1632 animi
392 1573 559 1635 adlectioni
579 1574 779 1634 attribuentur
793 1584 846 1639 aut
859 1572 1000 1637 dissimili
1013 1577 1045 1637 in
1060 1592 1173 1652 genere

132 1650 277 1710 vitiorum
288 1694 294 1709 .
305 1693 327 1709 ..
337 1692 356 1721 .,
368 1657 403 1708 ut
414 1649 536 1708 animus
548 1664 610 1707 non
622 1649 749 1709 omuino
760 1649 888 1725 integer,
901 1654 958 1712 sed
967 1653 1008 1712 ab
1019 1653 1074 1713 tali
1086 1654 1177 1726 culpa

133 1741 273 1807 remotus
287 1749 360 1793 esse
373 1732 523 1791 videatur.
542 1736 591 1790 Ao
607 1732 634 1790 si
649 1734 734 1792 nullo
748 1735 843 1794 modo
853 1736 937 1794 vitae
950 1736 1109 1811 turpitudo
1125 1744 1178 1795 aut

133 1817 259 1877 inlamia
276 1816 364 1877 leniri
379 1814 493 1891 poterit
508 1814 658 1886 oratione,
675 1831 789 1891 negare
804 1818 962 1892 oportebit
976 1821 1016 1879 de
1033 1819 1095 1878 vita
1110 1818 1177 1879 eius

135 1910 166 1962 et
182 1904 222 1962 de
235 1902 373 1962 moribus
391 1898 514 1975 quaeri,
534 1900 592 1958 sed
608 1900 648 1958 de
663 1915 700 1958 eo
717 1900 856 1974 crimine,
871 1900 946 1976 'qua'
959 1904 999 1964 de
1013 1910 1176 1977 arguatur;

135 2002 240 2062 quare,
256 1993 328 2045 ante
342 1984 432 2045 lactis
449 1983 583 2054 omissis,
599 1983 682 2053 illud,
701 1986 785 2058 quod
799 1985 902 2058 instet,
920 1987 969 2061 agi
985 1994 1141 2061 oportere.

217 2071 283 2131 ΧΠ.
305 2068 357 2129 38.
380 2070 428 2128 Ex
448 2068 530 2127 laeto
547 2074 651 2127 autem
666 2067 736 2142 ipso
753 2069 950 2145 suspiciones
967 2072 1132 2142 ducentur,
1149 2069 1177 2130 si

133 2154 228 2215 totius
244 2151 468 2213 administratio
484 2150 600 2226 negotii
614 2167 654 2210 ex
670 2150 820 2213 omnibus
832 2152 972 2227 partibus
989 2161 1176 2229 pertempta-

132 2236 230 2308 bitur3
255 2244 350 2311 atque
371 2251 428 2296 eae
448 2234 645 2310 suspiciones
665 2234 777 2309 partim
798 2252 839 2296 ex
854 2237 981 2311 negotio
1000 2237 1176 2312 separatim,

133 2322 244 2396 partim
266 2319 470 2381 communiter
490 2335 529 2378 ex
548 2319 693 2393 personis
716 2326 809 2394 atque
835 2336 874 2380 ex
899 2322 1025 2396 negotio
1052 2320 1177 2395 protici-

132 2413 269 2466 soentur.
295 2406 342 2464 Ex
357 2404 483 2479 negotio
500 2403 571 2465 duci
588 2409 742 2478 poterunt,
758 2403 785 2463 si
801 2418 855 2467 eas
871 2420 932 2474 res,
951 2420 1031 2479 quae
1044 2404 1176 2479 negotiis

131 2491 297 2551 attributae
310 2496 397 2561 sunt,
421 2487 586 2563 diligenter
606 2486 883 2548 considerabimus.
915 2490 962 2547 Ex
981 2488 1019 2548 iis
1039 2488 1131 2564 igitur
1145 2488 1177 2548 in

131 2575 210 2633 hano
220 2573 471 2634 constitutionem
483 2570 653 2632 convenire
659 2571 805 2633 videntur
815 2588 931 2647 genera
943 2587 1051 2632 eorum
1064 2573 1175 2642 omnia,

132 2665 239 2731 partes
254 2672 401 2730 generum
415 2657 594 2730 pleraeque.
631 2654 921 2731 summergitur
936 2656 1069 2731 primum
1085 2672 1177 2731 opor·
1263 2682 1264 2685 ¹

130 2738 217 2809 tebit,
234 2754 316 2813 quae
330 2738 392 2799 sint
405 2738 595 2798 continentia
610 2753 680 2799 curn
696 2738 765 2813 ipso
782 2741 919 2815 negotio,
935 2741 996 2799 hoc
1012 2748 1076 2810 est,
1094 2755 1178 2814 quae

133 2823 172 2882 ab
187 2838 222 2880 re
237 2822 377 2895 separari
390 2837 454 2883 non
469 2821 601 2896 possint.
636 2823 703 2895 Quo
718 2824 748 2883 in
765 2826 835 2883 loeo
852 2822 927 2883 satis
945 2823 1001 2884 erit
1015 2823 1178 2898 diligenter

133 2905 367 2977 considerasse,
390 2907 464 2979 quid
481 2903 521 2965 sit
534 2912 608 2964 ante
620 2922 687 2965 rem
702 2908 830 2978 lactum,
854 2923 893 2966 ex
914 2923 976 2985 quo
996 2923 1070 2982 spes
1086 2907 1178 2982 perli-

134 2989 235 3051 ciendi
255 2995 329 3049 nata
349 2996 379 3049 et
399 2987 536 3053 faciundi
555 2990 686 3050 facultas
709 2990 850 3065 quaesita
870 2989 1030 3062 videatur3
1058 2990 1131 3065 quid
1147 2991 1178 3049 iu

132 3075 201 3151 ipsa
216 3091 251 3135 re
267 3074 412 3150 gerenda,
427 3071 502 3147 quid
512 3079 625 3148 postea
637 3081 841 3135 consecutum
856 3074 905 3134 sit.
927 3074 1068 3149 Denique
1079 3074 1177 3149 ipsius

133 3168 181 3221 est
198 3158 314 3234 negotii
329 3157 430 3234 gestio
445 3157 673 3233 pertractanda.
709 3161 784 3218 Nam
806 3159 867 3217 hoe
888 3174 987 3233 genus
1009 3173 1116 3218 earum
1131 3174 1179 3217 re-

132 3261 208 3317 ram,
228 3259 309 3320 quae
319 3242 446 3317 negotio
462 3249 535 3303 sunt
549 3236 724 3313 attributae,
741 3240 881 3302 secundo
897 3241 928 3301 iu
940 3245 1012 3302 loco
1026 3243 1118 3303 nobis
1131 3246 1180 3300 est

89 3364 93 3373 ,
133 3330 319 3405 expositum.
353 3327 404 3388 40.
423 3326 491 3387 Hoc
507 3341 582 3402 ergo
595 3325 626 3384 in
642 3341 759 3400 genere
773 3325 965 3400 spectabitur
981 3327 1085 3392 locus,
1102 3330 1177 3381 tem-

133 3429 201 3486 pus,
218 3412 351 3481 occasio,
365 3413 511 3483 facultas3
530 3426 662 3486 quorum
677 3408 937 3483 uniuscuiusque
951 3409 999 3523 uis
1016 3404 1180 3474 diligenter

915 3501 949 3552 11
