2575 3892
1251 3 1252 81 i

145 182 207 245 156
516 182 567 240 ou
582 181 815 240 inventione
1147 194 1185 247 ιι

145 343 250 410 genter
270 329 446 406 expositum
466 338 529 404 est,
553 328 603 389 hic
617 338 734 390 tantum
747 328 817 403 ipsa
830 327 955 388 inventa
968 345 1062 395 unam
1079 349 1182 406 quom-

145 433 206 493 que
226 415 337 475 iurem
351 421 546 488 exponentur
560 410 738 486 simpliciter
753 411 819 471 sino
834 412 895 472 ulla
909 412 1129 489 exornatione,
1150 427 1186 481 ut
1251 424 1252 497 ζ

145 518 185 561 ex
206 499 265 558 boc
285 495 410 557 inventa
430 495 514 571 ipsa,
539 511 580 555 ex
601 494 762 569 superiore
780 502 885 555 autem
906 494 1056 568 expolitio
1076 496 1180 560 inven—
1251 502 1252 551 ἒ

143 593 243 644 torum
266 588 396 654 petatur.
432 579 531 653 Quare
552 577 643 650 haec,
671 594 751 654 quae
772 593 853 638 nune
874 576 1118 654 praecipientur,
1142 583 1183 643 ad
1251 588 1252 655 ξ

145 661 387 725 continuationis
402 670 432 722 et
445 660 697 736 reprehensionis
712 669 817 738 partes
831 662 948 721 reterre
963 663 1126 736 oportebit.
1152 717 1154 722 .
1251 678 1252 725 i

224 748 276 806 tv.
301 743 351 807 ta.
367 745 471 806 Omnis
492 753 524 806 et
543 746 782 815 demonstrativa
803 751 833 804 et
847 743 1049 806 deliberativa
1063 755 1093 814 et
1104 748 1181 809 iudi·
1251 818 1252 829 χ

144 829 230 891 eiatis
245 844 485 889 causanecesse
499 828 593 889 estin
611 828 716 904 atiquo
732 844 848 901 eorum,
863 843 944 903 quac
958 837 1029 888 ante
1042 831 1188 904 exposita
1251 874 1252 883 t

145 922 230 986 sunt,
258 911 485 974 constitutionis
500 927 628 987 genere,
650 929 715 973 uno
723 910 917 987 pluribusve,
930 920 1081 974 versetur.
1113 913 1186 983 Hae

144 1012 330 1076 quamquam
350 995 392 1056 ita
412 1004 474 1069 est,
500 1003 603 1056 tamen
623 1011 718 1071 quum
739 992 940 1060 communiter
967 997 1117 1070 quaedam
1143 997 1188 1059 de
1251 1022 1252 1063 ι

145 1080 285 1141 omnibus
297 1078 436 1155 praecipi
448 1078 760 1154 possint‘separatim
772 1095 898 1154 quoque
910 1077 989 1139 aliae
1000 1087 1071 1139 sunt
1081 1078 1183 1140 cuius
1251 1106 1252 1155 i

145 1181 205 1239 que
227 1162 349 1237 generis
371 1162 514 1222 diversae
535 1161 781 1238 praeceptiones.
815 1162 910 1223 Atiud
931 1161 1013 1227 enim
1037 1165 1105 1223 taus
1131 1172 1191 1224 aut
1251 1176 1252 1253 ι

143 1245 344 1320 vituperatio,
370 1244 454 1304 aliud
474 1245 644 1306 sententiae
665 1244 774 1318 dictio,
799 1244 884 1306 atiud
898 1245 1053 1307 accusatio
1067 1255 1121 1306 aut
1133 1263 1184 1306 re·
1251 1260 1252 1309 t

144 1329 263 1389 cusatio
277 1329 431 1388 conticere
446 1327 546 1388 debet.
583 1329 618 1387 In
632 1328 763 1402 iudiciis,
787 1327 863 1404 quid
877 1344 1007 1404 aequum
1022 1328 1069 1400 sit,
1084 1345 1186 1402 quae·

142 1413 226 1487 riter,
247 1410 279 1470 in
294 1408 617 1484 demonstrationibus,
635 1411 710 1486 quid
723 1412 896 1486 honestum,
911 1411 942 1473 in
955 1410 1187 1473 deliberationi·

142 1497 211 1568 bus,
226 1503 261 1555 ut
273 1510 332 1555 nos
348 1492 538 1568 arbitramur,
552 1494 627 1569 quid
640 1496 805 1557 honesturn
819 1496 859 1557 sit
873 1504 903 1556 et
918 1493 992 1570 quid
1003 1494 1085 1556 utile.
1105 1495 1194 1556 Nam

143 1577 258 1639 caeteri
279 1576 416 1639 utilitatis
435 1578 530 1638 modo
551 1579 644 1638 tinem
658 1577 689 1637 in
705 1580 865 1641 suadendo
881 1578 956 1640 etin
972 1576 1194 1641 dissuadendo·

143 1660 258 1737 exponi
280 1670 422 1735 oportere
444 1660 579 1721 arbitrati
594 1670 675 1722 sunt.
712 1659 761 1723 13.
783 1662 918 1737 Quorum
932 1662 1022 1737 igitur
1036 1677 1192 1737 generunt
1251 1616 1252 1711 i

142 1745 222 1805 fines
238 1754 268 1804 ct
282 1744 383 1805 exitus
395 1743 511 1804 diversi
522 1753 603 1819 sunt,
619 1762 726 1807 eorum
736 1753 904 1821 praecepta
916 1746 1026 1807 cadem
1036 1761 1192 1806 essenon

142 1834 284 1903 possunt.
305 1828 412 1904 Neque
425 1843 507 1888 nuno
517 1828 578 1889 hoc
591 1828 731 1904 dicimus,
747 1846 809 1890 non
822 1825 949 1893 eaedem
960 1827 1098 1890 incidere
1110 1845 1188 1897 con·
1251 1838 1252 1923 t

144 1908 334 1982 stitutiones,
356 1919 565 1972 verumtamen
588 1912 685 1974 oratio
707 1913 859 1989 quaedam
880 1928 921 1972 ex
935 1911 1006 1987 ipso
1021 1912 1084 1972 fine
1099 1921 1131 1973 et
1144 1928 1194 1972 ex

142 2008 256 2066 genere
271 2009 384 2055 causae
399 1993 550 2069 nascitur,
574 2012 654 2070 quae
668 1997 819 2072 pertineat
833 1995 874 2054 ad
889 1994 970 2056 vitae
983 1994 1114 2059 dicitius
1131 1996 1190 2056 ‹te-v

141 2076 395 2137 monstrationem
415 2084 468 2137 aut
487 2077 528 2138 ad
543 2079 714 2140 sententiae
729 2078 905 2140 dictionem.¹
940 2078 1040 2152 Quare
1055 2079 1195 2140 nuncin

143 2158 336 2235 exponendis
357 2160 594 2236 controversiis,
618 2161 650 2222 in
671 2161 807 2225 iudiciali
828 2177 941 2238 genere
964 2177 1130 2224 causarum
1158 2172 1196 2225 at

141 2252 378 2318 praeceptorum
392 2243 592 2304 versabimur.
618 2246 667 2306 Ex
682 2263 746 2322 quo
759 2247 907 2322 pleraque
922 2240 954 2307 in
969 2254 1091 2308 caetera
1105 2263 1193 2321 quo·

143 2344 203 2402 que
229 2342 392 2388 causarum
417 2342 532 2402 genera
558 2327 649 2389 simili
675 2328 832 2405 implicata
862 2329 1074 2403 controversia
1098 2332 1197 2391 nidla

142 2427 211 2470 cum
227 2411 405 2470 difficultate
420 2413 658 2485 transferuntur3
672 2421 746 2489 poet
760 2421 863 2475 autem
877 2413 1041 2489 separatim
1056 2412 1097 2472 de
1111 2413 1196 2474 reti·

142 2493 212 2566 quis
228 2493 378 2552 dicamus.
955 2540 957 2543 ,

222 2573 273 2637 14.
301 2575 387 2635 Nunc
409 2576 448 2635 ab
470 2575 669 2640 coniecturali
690 2579 908 2641 constitutione
925 2576 1203 2655 proficiscamun

141 2658 230 2721 cuius
251 2660 427 2734 exemptum
450 2659 490 2720 sit
509 2660 569 2722 hoo
584 2660 776 2737 expositum:
798 2665 831 2723 In
846 2663 955 2724 itinere
971 2661 1094 2738 quidam
1109 2677 1197 2736 pro-

141 2743 330 2804 ficissentem
361 2743 401 2802 ad
431 2753 599 2805 mereatum
625 2747 780 2821 quendam
805 2755 836 2808 et
860 2764 969 2808 secum
992 2744 1205 2819 aliquantum

141 2844 302 2889 numerum
317 2827 466 2887 terentem
475 2836 529 2888 ‘est
543 2838 742 2890 consecutus.
779 2828 853 2893 Cum
866 2830 936 2904 hoc,
958 2839 992 2891 ut
1006 2830 1070 2888 tere
1084 2827 1138 2901 fit,
1149 2830 1201 2891 >iu

139 2912 190 2971 via
205 2927 379 2973 sermonem
394 2911 536 2984 contulit;
554 2929 595 2972 ex
613 2930 675 2988 quo
692 2915 805 2975 tactum
820 2922 876 2990 est,
891 2923 925 2975 ut
937 2913 1014 2974 iliud
1027 2911 1085 2973 iter
1095 2911 1202 2974 tami-

140 2993 246 3055 liarius
261 2997 364 3055 tacere
378 2995 503 3067 veilent.
539 2995 640 3069 Quare
655 3014 749 3072 quum
763 2997 795 3059 in
811 2999 941 3059 eandem
955 2994 1118 3057 tabernam
1147 3003 1210 3063 di.

139 3077 320 3149 vertissent,
347 3076 438 3138 simut
471 3094 584 3142 cenare
607 3087 638 3140 et
651 3078 682 3139 in
698 3081 808 3141 eodem
823 3083 893 3143 loco
910 3094 1054 3142 somnum
1068 3080 1209 3154 capere
1251 3102 1252 3153 ι

140 3157 312 3247 votuerunt.
365 3159 473 3224 cenati
493 3162 715 3226 discubuerunt
734 3163 857 3225 ibidem.
895 3163 1002 3240 caupo
1022 3168 1131 3223 autem
1152 3199 1205 3211 -
1251 3164 1252 3239 ξ

141 3249 211 3290 uam
224 3244 267 3293 ιιι
281 3239 391 3300 dicitur
404 3253 477 3316 post
490 3243 658 3320 inventam,
674 3263 768 3321 quum
782 3246 813 3307 in
829 3248 893 3309 atio
903 3244 1058 3310 maleficio
1071 3245 1212 3322 depre—
1251 3242 1252 3323 t

140 3309 256 3371 lrensus
278 3330 417 3409 esset-
439 3343 532 3399 quum
553 3328 636 3390 iilum
658 3330 802 3406 atterum,
828 3329 973 3392 videlieet
994 3327 1048 3405 nui
1069 3345 1221 3395 numos
1251 3326 1252 3393 i

139 3386 275 3463 baberet,
289 3411 422 3460 animum
429 3408 622 3485 advertisset,
638 3421 730 3472 noctu
739 3412 985 3489 postquamitlos
999 3408 1098 3472 artius
1114 3413 1224 3492 ium,
1251 3412 1252 3495 ξ
