2575 3892
413 782 652 865 PtootMttttt
685 779 893 863 Elll'lllRlS.

571 1032 731 1041 ...μ-.-

128 1184 161 1267 dn
177 1218 214 1268 M.
225 1217 299 1268 Tullii
312 1218 438 1270 Ciceronis
456 1221 526 1270 libris
543 1220 674 1270 rhetoricis
689 1220 901 1285 recognoscendis
920 1221 1029 1270 editione
1047 1219 1090 1269 illa
1103 1236 1175 1286 egre·

130 1288 188 1351 gio,
213 1301 288 1349 quam
308 1288 344 1338 Io.
365 1287 440 1354 Gasp.
458 1286 566 1340 Orellius
586 1299 611 1340 et
624 1290 661 1341 lo.
681 1289 773 1355 Georg.
792 1289 908 1338 Baiterus
928 1287 1088 1354 professores
1103 1288 1175 1338 Turi-

131 1369 220 1404 censes
239 1356 336 1407 collatis
353 1358 450 1407 viribus
466 1373 532 1408 anno
547 1356 734 1408 Mooscxnv,
750 1364 917 1422 paraverunt,
935 1365 963 1406 ut
979 1372 1027 1423 par
1045 1364 1111 1415 erat,
1128 1371 1175 1422 pro
1262 1372 1265 1379 ·

130 1423 295 1475 monomenta
312 1440 378 1475 usus
392 1441 457 1476 sum.
486 1426 537 1477 Sed
553 1427 580 1476 in
598 1427 707 1491 siugulis
723 1434 807 1475 tamen
823 1427 887 1475 locis
902 1433 926 1473 et
943 1428 1047 1490 saepius
1062 1426 1175 1487 quidem,
1264 1474 1266 1483 ,

131 1506 208 1554 quam
226 1493 258 1542 ab
280 1493 351 1544 initio
364 1503 490 1558 potarum,
510 1497 586 1544 etiam
599 1495 743 1544 altiliorum
756 1495 850 1545 iudicio
863 1501 938 1556 atque
950 1494 1099 1544 auctoritate
1112 1493 1175 1542 mihi
1267 1512 1272 1533 i

129 1561 301 1610 recedendum
318 1561 375 1621 fuit,
403 1563 472 1624 quod
491 1564 641 1625 aliquotiens
657 1564 722 1613 mihi
738 1563 884 1612 viderentur
899 1561 1015 1611 homines
1035 1561 1175 1610 doctissimi

130 1630 186 1677 suis
203 1629 293 1691 copiis,
309 1645 375 1691 qnos
393 1644 492 1679 summo
505 1631 590 1679 studio
603 1639 678 1692 atque
691 1632 803 1680 maxima
816 1630 947 1693 diligentia
959 1636 1175 1692 comparaverant,

128 1697 239 1744 nimium
257 1696 344 1743 conlisi
360 1710 425 1756 quae
443 1697 475 1743 ab
493 1697 550 1743 aliis
565 1705 656 1758 parata
674 1705 759 1744 essent
776 1697 953 1744 considerasse
970 1699 1055 1744 minus
1073 1702 1148 1756 atque
1160 1710 1176 1743 a

130 1775 194 1810 vero
214 1759 361 1809 descivisse.
396 1762 489 1811 Eorum
506 1763 618 1810 locorum
637 1776 701 1823 qnos
718 1764 807 1825 paucis
825 1761 909 1810 verbis
926 1764 988 1809 satis
1004 1777 1019 1809 a
1037 1775 1078 1810 me
1096 1763 1176 1825 expli-

43 1852 48 1859 ·
132 1828 185 1877 cari
207 1841 285 1892 posse
307 1827 440 1878 arbitratos
465 1843 522 1878 snm
539 1829 610 1879 brevi
626 1830 767 1889 notatione,
790 1843 866 1891 quero
883 1829 992 1888 subieci,
1014 1833 1175 1892 pertractavi,

129 1897 189 1947 illos
208 1904 301 1955 autom,
320 1898 362 1960 qni
376 1897 516 1963 longiorem
529 1898 725 1963 disputationem
739 1899 902 1961 requirerent,
917 1899 1115 1963 praetermittere
1126 1898 1176 1949 hoc

130 1968 187 2016 loco
206 1965 293 2025 malni,
311 1981 387 2029 qnam
405 1964 441 2015 ita
458 1975 572 2032 tangere,
590 1977 618 2017 ut
635 1976 720 2018 tamen
737 1982 788 2017 non
807 1968 869 2016 satis
887 1967 1095 2032 intelligerentur.

199 2035 255 2087 Lib.
264 2036 300 2084 ad
305 2036 332 2089 0.
339 2036 406 2088 Her.
415 2035 439 2086 1.
450 2052 472 2086 c.
479 2036 503 2086 1.
513 2038 537 2097 S.
547 2037 572 2088 l.
590 2037 704 2086 dubitavi
720 2037 832 2086 omnium
843 2050 925 2101 paene
934 2036 1054 2087 librorum
1065 2038 1173 2086 anctori-

128 2112 221 2153 tatem:
233 2105 264 2153 de
275 2120 306 2154 re
314 2106 400 2155 dicere
408 2107 559 2168 incipiemus,
570 2106 618 2155 red
625 2106 649 2155 si
656 2113 702 2156 etc.
720 2106 858 2170 negligere,
876 2105 945 2168 quod
960 2120 991 2154 ea
1001 2108 1081 2155 oratio
1092 2108 1172 2155 maio-

128 2186 183 2222 rem
201 2173 333 2223 lamiliaris
352 2178 476 2224 sermonis
493 2176 604 2238 speciem
617 2174 695 2224 habet
704 2175 737 2224 ad
746 2174 813 2223 iruna
823 2175 906 2223 locum
919 2176 1029 2223 maxime
1042 2176 1171 2234 idoneam,

128 2257 156 2290 v.
167 2242 219 2297 Gir.
230 2257 270 2305 ep.
282 2242 318 2291 ad
335 2242 390 2292 Ao.
398 2244 441 2304 IV,
451 2240 476 2295 8.
488 2258 513 2295 a.
528 2245 553 2304 §.
565 2241 592 2295 2.
616 2244 700 2294 Valde
716 2243 815 2293 scribut
831 2243 868 2292 ad
884 2258 921 2293 me
937 2245 1007 2293 celim
1024 2243 1056 2292 de
1071 2244 1172 2308 gladia-

128 2310 232 2371 toribus,
251 2312 299 2361 eed
311 2313 357 2369 ita,
376 2312 438 2362 berte
454 2315 479 2362 εἰ
494 2327 547 2362 rem
554 2320 649 2376 genart
664 2320 711 2362 etc.
729 2313 761 2361 cl.
774 2311 841 2361 infra
851 2312 889 2361 ad
898 2311 925 2363 G.
935 2312 1052 2364 Herenn.
1063 2313 1094 2372 ll,
1107 2315 1131 2370 l,
1145 2313 1170 2364 1.

130 2380 162 2429 de
178 2378 354 2439 suo.1‚9,1t.
383 2396 405 2433 c.
416 2379 442 2433 3.
461 2383 487 2444 S.
499 2380 526 2433 4.
545 2382 649 2446 scripsi:
665 2383 692 2430 r'rr
709 2396 758 2431 rex
769 2390 862 2443 partes
879 2383 1171 2432 orationaeoammirur:

130 2450 269 2509 exordium,
283 2452 453 2501 narrationem
469 2458 517 2503 etc.
531 2464 582 2499 uon
600 2451 656 2499 sine
668 2450 749 2508 libris,
767 2459 791 2499 et
802 2452 839 2500 sic
852 2458 995 2500 constanter
1010 2451 1037 2500 in
1048 2449 1089 2498 his
1099 2450 1170 2499 libris

131 2518 228 2575 dicitur,
246 2534 270 2567 v.
290 2517 309 2577 I,
330 2518 371 2576 10,
390 2515 433 2570 17.
450 2519 469 2578 I,
489 2519 531 2578 11,
549 2515 591 2569 19.
608 2518 638 2577 Il,
656 2517 683 2577 2,
701 2515 728 2571 3.
746 2519 778 2576 II,
797 2517 824 2577 4,
841 2516 868 2570 6.
886 2519 917 2577 Π,
936 2518 962 2578 5,
980 2515 1007 2569 8.
1026 2515 1169 2578 11,ls‚19.

128 2586 160 2645 11,
172 2583 267 2644 roae.
285 2587 327 2646 111,
345 2587 369 2648 l,
382 2588 407 2637 l.
426 2586 467 2651 ΙΠ,
485 2586 512 2647 2,
531 2583 558 2638 3.
575 2588 616 2646 ΙΠ,
637 2587 680 2646 ll,
696 2586 740 2641 20.
756 2589 799 2646 tit,
819 2584 861 2647 ts,
873 2584 916 2639 23.
934 2588 978 2645 IV,
989 2583 1033 2645 84,
1046 2583 1090 2638 46.
1108 2602 1130 2638 c.
1143 2586 1169 2635 4.

110 2655 154 2715 -§.
172 2652 199 2705 8.
219 2656 301 2705 edidi:
319 2673 336 2704 a
354 2664 450 2715 noema,
465 2657 497 2707 ab
516 2658 719 2706 aduersariorran
736 2664 888 2716 nostrorraa,
906 2656 938 2707 ab
955 2656 1094 2705 auditorum
1107 2669 1170 2716 per-

128 2736 200 2786 sona,
218 2738 269 2773 non
284 2725 366 2774 solum
384 2727 415 2775 de
434 2728 587 2790 optimorum
603 2733 628 2775 et
639 2726 805 2789 plurimorum
817 2726 938 2783 librorum
951 2725 1108 2782 auctoritate,
1126 2725 1170 2785 qni

128 2798 269 2841 nostrorum
280 2793 384 2851 addunt,
401 2808 489 2844 verum
502 2795 577 2844 etiam
589 2803 733 2861 propterea,
755 2795 824 2857 quod
840 2795 883 2843 hic
900 2794 938 2842 rei
954 2792 1121 2855 intelligentia
1139 2805 1169 2839 eo

130 2859 208 2909 verbo
228 2858 370 2911 adiuvatur.
405 2862 492 2912 Paullo
512 2872 577 2928 post.
589 2879 611 2916 c.
624 2863 651 2915 5.
669 2879 720 2914 non
738 2871 790 2912 erat
809 2861 950 2926 spernenda
969 2860 1081 2907 omnium
1093 2857 1170 2907 libro-

129 2942 185 2976 rum
202 2929 338 2978 auctoritas
356 2930 382 2979 in
400 2931 483 2980 verbis
500 2930 554 2980 his:
577 2935 602 2982 si
616 2941 727 2983 nostram
746 2932 853 2994 officiam
871 2930 925 2978 eine
945 2927 1097 2991 adrogantia
1114 2927 1169 2975 laa-

129 2996 249 3057 dabr'mua,
269 3000 386 3063 atquem
403 3015 455 3048 rem
470 2999 592 3063 patticam
609 3004 697 3067 quales
710 3000 833 3063 famame
849 3004 894 3047 aar
909 2997 936 3044 in
945 3003 1069 3059 parentes
1084 3004 1130 3045 aar
1143 3000 1169 3046 ia

129 3068 220 3116 anticos
237 3069 322 3116 autin
340 3082 383 3118 eor
398 3071 480 3131 ipsos,
499 3071 541 3134 qai
554 3069 671 3132 audiant,
688 3068 785 3133 atiqrer'd
802 3067 951 3131 referemus,
969 3067 1025 3116 dam
1041 3065 1105 3113 haec
1121 3072 1168 3114 etc.

128 3149 187 3184 nam
202 3136 273 3198 quod
285 3136 360 3202 volgo
375 3140 492 3188 omittunt
509 3139 605 3203 aliqrrid
622 3147 679 3188 ante
696 3138 842 3201 references,
860 3142 995 3201 propterea
1010 3133 1105 3183 falsum
1121 3138 1167 3191 est,

128 3206 187 3266 quia
210 3219 287 3269 saepe
310 3206 378 3255 soliti
402 3216 460 3258 sont
475 3207 573 3272 Latini,
596 3223 647 3270 quo
666 3208 750 3271 magis
767 3208 862 3255 iustum
879 3203 1005 3266 quendam
1022 3200 1126 3250 modum
1143 3201 1169 3248 in

127 3273 255 3336 aliquare
272 3288 372 3325 servare
388 3276 547 3334 viderentur,
570 3289 616 3341 per
634 3277 711 3324 istum
729 3275 923 3331 accusativum,
941 3273 985 3333 qui
1002 3267 1115 3319 adverbii
1131 3268 1169 3314 vi-

128 3354 182 3390 cem
201 3341 319 3402 adsumit,
338 3345 388 3408 ipsi
398 3347 549 3410 restringere
563 3343 750 3406 quodammodo
764 3341 833 3404 quod
845 3342 970 3390 dixerunt.
987 3339 1021 3388 V.
1036 3337 1088 3386 Cic.
1100 3337 1167 3382 orat.

127 3408 234 3462 Sestiarr.
250 3428 273 3462 c.
287 3409 314 3464 4.
326 3414 351 3474 §.
367 3412 408 3463 10.
427 3414 525 3473 Recita,
544 3428 646 3476 quaeso,
663 3412 696 3462 P.
708 3409 784 3469 Sesti,
802 3410 863 3472 qaid
873 3409 1001 3530 decrarepr‘at
1009 3405 1111 3464 Capuae
1125 3399 1167 3445 de·

434 3607 656 3705 207989
