2575 3892
51 133 111 196 138
423 137 474 198 DE
489 139 723 200 INVENTIONE
1071 158 1116 214 36

47 285 188 353 stultuut;
210 282 309 357 tertio,
324 292 423 360 turpe.
455 287 729 364 Karthaginienses
744 301 845 352 autem
861 311 1017 373 persaepe
1036 298 1109 363 iam

47 366 298 427 nostelellerunt.
323 367 447 429 Summa
458 368 549 445 igitur
560 373 693 435 amentia
704 382 752 436 est
763 374 794 435 in
805 392 914 439 eorum
925 379 989 440 fide
1001 398 1106 457 spem

46 449 175 520 habere,
199 466 331 525 quorum
352 453 483 527 perfidia
497 454 610 516 totiens
624 457 775 532 deceptus
791 459 846 520 sis.
882 458 932 524 72.
951 462 1104 542 Utraque

45 530 272 606 approbatione
287 535 460 609 praeterita
476 537 626 613 tripertita
639 540 683 611 lit,
705 538 765 601 hoc
780 551 889 617 pacto:
914 546 978 609 Aut
993 559 1101 613 metu·

44 631 134 676 amus
149 615 423 691 Karthaginienses
445 629 581 694 oportet,
608 622 635 682 si
656 622 828 685 incolumes
850 642 906 689 eos
927 630 1099 708 reliqueri-

44 715 129 769 mus,
157 707 210 760 aut
224 716 331 767 eorum
344 702 452 762 urbem
467 703 634 766 diruamus.
670 707 712 767 At
731 717 869 771 metuere
885 711 1014 789 quidem
1029 734 1098 779 non

45 790 177 858 oportet.
198 783 307 845 Restat
320 783 421 860 iglttu,
435 793 469 846 ut
483 787 590 847 urbem
605 788 774 851 diruamus.

128 867 190 927 XL.
213 867 291 928 Sunt
305 874 423 938 autem,
446 864 499 942 qui
519 870 629 940 putant
644 876 876 935 nonnumquam
889 874 988 935 posse
1004 875 1091 919 com-

44 950 191 1026 plexione
213 948 427 1026 supersederi,
451 965 546 1024 quum
566 946 598 1006 id
619 940 819 1020 perspicuum
841 940 889 1015 sit,
911 940 998 1017 quod
1013 957 1092 1002 oon-

44 1034 165 1095 ficiatur
185 1051 225 1094 ex
245 1032 495 1102 ratiocinatione;
518 1030 602 1105 quod
625 1028 653 1088 si
673 1029 742 1099 liat,
762 1025 938 1103 bipertitam
958 1041 1092 1099 qnoque

44 1116 112 1176 lieri
136 1117 448 1191 argumentationem,
474 1115 535 1174 hoc
561 1113 671 1172 modo:
699 1110 733 1172 Si
756 1109 892 1187 peperit,
911 1107 999 1182 virgo
1022 1125 1090 1168 non

45 1209 108 1261 est:
132 1200 255 1275 peperit
270 1208 381 1260 autem.
413 1199 471 1265 Hic
485 1194 561 1257 satis
577 1211 649 1255 esse
668 1208 848 1268 proponere
870 1201 900 1251 ct
921 1193 1091 1252 adsumere

45 1282 164 1356 dicunt,
185 1284 329 1359 quoniam
344 1280 542 1358 perspicuum
557 1277 609 1348 sit,
635 1277 721 1353 quod
741 1276 922 1338 conficiatur
936 1290 973 1334 ex
987 1273 1088 1332 ratio-

45 1366 214 1441 cinatione;
232 1367 317 1442 quod
332 1366 360 1426 si
374 1365 437 1439 fiat,
452 1360 677 1439 complexionis
693 1376 759 1420 rem
774 1377 837 1421 non
852 1358 994 1434 indigere.
1018 1356 1085 1415 No-

43 1451 216 1512 bisantem
237 1451 361 1511 videtur
383 1457 415 1510 et
438 1446 539 1510 omnis
560 1443 753 1506 ratiocinatio
775 1438 988 1505 concludenda
1011 1452 1088 1499 esse

44 1544 75 1597 et
88 1534 164 1596 illud
178 1532 300 1606 vitium,
322 1533 406 1609 quod
421 1529 482 1593 illis
497 1529 656 1606 displicet,
681 1543 794 1601 magno
809 1541 904 1602 opere
918 1523 1090 1599 vitandum,

44 1634 100 1692 ne,
127 1618 212 1694 quod
231 1615 431 1693 perspicuum
452 1613 507 1688 sit,
529 1612 563 1674 id
582 1613 614 1673 in
636 1608 884 1686 complexionem
908 1608 1088 1670 inieramus.

45 1700 95 1764 73.
116 1703 184 1764 Hoc
199 1708 301 1761 autem
314 1698 381 1761 fieri
396 1697 518 1775 poterit,
539 1696 566 1758 si
581 1692 831 1771 complexionum
845 1707 961 1768 genera
975 1690 1086 1753 intelli-

44 1794 164 1860 gentur.
191 1785 268 1845 Nom
282 1792 334 1845 aut
347 1783 390 1844 ita
404 1783 653 1857 complectemur,
673 1785 706 1839 ut
720 1776 751 1837 in
765 1794 860 1838 unum
875 1774 1087 1838 conducamus

43 1868 289 1945 propositionem
310 1876 341 1927 et
361 1864 624 1940 adsumptionem,
649 1862 709 1922 hoc
731 1860 840 1923 modo:
868 1858 986 1934 Quodsi
1001 1858 1087 1936 leges

45 1967 153 2012 omnes
168 1952 208 2011 ad
221 1949 382 2029 utilitatem
394 1949 441 2009 rei
455 1946 599 2024 publicae
612 1940 721 2008 referri
736 1942 897 2017 convenit,
918 1942 970 2004 bic
987 1952 1086 2004 autern

49 2030 141 2091 saluti
155 2031 200 2091 rei
216 2034 360 2107 publicae
374 2030 447 2104 luit,
466 2031 608 2107 prolecto
624 2045 687 2089 non
702 2034 809 2103 potest
823 2029 933 2087 eodem
950 2034 1040 2100 pacto
1057 2034 1088 2083 et

49 2114 142 2176 saluti
161 2118 316 2185 communi
331 2115 528 2177 consuluisse
554 2120 585 2174 et
609 2111 730 2188 legibus
751 2127 814 2171 non
837 2110 1087 2184 obtemperasse:

46 2199 99 2250 aut
119 2191 176 2269 ita,
202 2197 236 2250 ut
257 2206 298 2249 ex
318 2193 473 2254 contrario
496 2193 678 2254 conficiatur
697 2192 866 2266 sententio,
891 2195 952 2254 hoc
978 2196 1090 2255 modo=

48 2273 173 2333 Summa
187 2273 279 2349 igitur
293 2275 426 2336 amentia
441 2286 489 2337 est
503 2292 611 2338 eorum
625 2276 657 2336 in
672 2277 734 2337 fide
750 2295 838 2352 spem
854 2278 983 2349 habere,
1011 2294 1090 2353 quo-

45 2373 113 2416 rum
127 2357 259 2432 pertidia
272 2359 387 2420 totiens
403 2360 553 2434 deceptus
569 2360 630 2420 sis:
651 2368 704 2421 aut
717 2359 769 2434 ita,
783 2369 817 2423 ut
830 2360 863 2421 id
878 2364 984 2430 solum,
1001 2362 1089 2435 quod

45 2440 410 2514 coniicitur,‚inleratur,
436 2443 477 2502 ad
497 2442 579 2503 hunc
599 2445 741 2506 modum:
766 2445 881 2506 Urbem
899 2443 988 2518 igitur
1002 2443 1086 2502 diru-

44 2541 148 2584 amus:
170 2531 236 2595 ant,
258 2525 351 2597 ulid,
373 2524 458 2600 quod
473 2542 541 2586 cam
555 2543 629 2598 rem,
653 2544 732 2603 quae
748 2529 917 2601 conficitur,
937 2534 1088 2601 sequatur

44 2604 248 2668 uecesseest.
281 2607 316 2668 Id
330 2616 379 2669 est
392 2607 584 2672 huiusmodi:
612 2609 645 2671 Si
660 2612 790 2687 peperit,
806 2629 877 2673 cum
892 2610 957 2672 viro
973 2626 1086 2671 concu-

43 2690 123 2753 buit:
150 2689 272 2768 peperit
291 2701 403 2755 autem.
439 2693 604 2756 Conficitur
624 2695 699 2755 hoc:
727 2695 898 2759 concubuit
912 2694 1003 2770 igitur
1017 2711 1086 2754 cum
1108 2698 1115 2705 ’

43 2776 122 2837 viro.
144 2775 212 2837 Hoc
227 2774 254 2836 si
270 2777 350 2838 nolis
365 2776 479 2838 inferre
495 2785 525 2838 et
539 2778 654 2841 inleras
669 2778 710 2855 id,
728 2781 812 2855 quod
828 2778 981 2856 sequitur:
1003 2778 1087 2839 Fecit

42 2860 134 2937 igitur
155 2860 322 2933 incestum
349 2870 379 2922 et
400 2861 590 2923 concluseris
610 2863 907 2940 argumentationem
922 2871 952 2923 et
966 2862 1085 2938 perspl-

44 2961 134 3007 cuam
156 2944 272 3021 fugeris
288 2945 545 3021 complexionem.
579 2940 629 3008 74.
646 2947 747 3022 Quare
761 2947 792 3007 in
807 2947 908 3024 longis
924 2962 1084 3023 argumen-
1145 3016 1146 3019 Ἴ

42 3028 209 3090 tationibus
230 3037 283 3090 aut
304 3047 344 3090 ex
358 3031 616 3096 conductionibus
631 3040 684 3093 aut
698 3049 739 3092 ex
754 3030 907 3093 contrario
923 3027 1083 3104 complecti

44 3119 174 3184 oportet,
195 3113 227 3171 in
241 3113 389 3174 brevibus
403 3113 435 3173 id
450 3115 559 3187 solum,
582 3114 667 3190 quod
682 3115 854 3187 conficitur,
871 3113 1082 3189 exponerem

41 3191 90 3262 iis,
104 3190 136 3249 in
152 3194 265 3268 quibus
281 3198 381 3257 exitus
396 3198 583 3273 perspicuus
599 3208 656 3272 est,
671 3198 895 3260 consecutione
910 3196 964 3258 uli.
989 3194 1020 3256 Sl
1032 3196 1085 3272 qui

42 3281 144 3365 autem
165 3290 206 3332 ex
225 3293 434 3352 unaquoque
454 3290 541 3355 parte
561 3283 713 3356 putabunt
734 3290 876 3343 constare
892 3287 1081 3355 argumenta·

42 3359 164 3421 tionem,
179 3362 325 3425 poterunt
339 3360 442 3420 dicere
458 3379 553 3439 saepe
569 3364 643 3424 satis
659 3381 731 3425 esse
746 3366 805 3425 hoc
817 3363 910 3424 modo
923 3378 1081 3437 argumen-
