2575 3892
103 223 143 278 23
326 213 441 272 LIBER
462 214 484 270 Ι.
509 212 592 270 CAP.
616 221 736 274 as-tt
759 219 785 281 S·
809 221 929 276 art-«to.
1087 210 1146 270 125

105 388 181 440 sunt
198 396 242 451 ea,
259 395 339 453 quae
355 393 479 452 semper
493 377 597 436 adfixa
611 392 684 437 esse
696 376 841 436 videntur
855 377 894 436 ad
910 393 973 437 rem
989 393 1093 453 neque
1108 378 1146 437 ab

105 480 147 524 eu
162 468 296 538 possunt
309 458 458 536 separari.
491 461 539 520 Ex
552 459 599 520 his
615 459 714 534 prima
729 467 777 519 est
790 459 895 519 brevis
911 458 1085 537 completio
1102 469 1147 521 tc·

104 548 168 607 tius
184 545 309 620 negotii,
326 560 406 619 quae
422 559 572 604 summam
586 543 724 603 continet
738 542 823 614 tacti,
836 543 896 603 hcc
911 544 1019 604 modo:
1036 544 1148 604 Paren-
1218 546 1221 563 ⁵

105 631 147 690 tis
165 628 292 698 occisio,
307 628 425 702 patriae
439 627 573 702 proditio
582 646 590 699 ;
607 628 719 686 deiude
738 641 833 687 cause
847 625 914 686 eius
930 641 1076 697 summae,
1092 644 1148 701 per

107 729 205 788 quarn
221 721 251 770 et
266 728 358 785 quam
374 711 413 771 ob
432 728 498 770 rem
514 718 545 770 et
559 710 647 772 euius
667 709 712 769 rei
727 725 823 771 causa
838 710 953 769 lactum
968 710 1007 770 sit
1022 726 1148 783 quaere-

107 804 176 867 tur3
194 795 306 854 deinde
320 802 392 855 ante
404 802 524 870 gestam
535 811 601 854 rem
616 795 793 868 quaefacta
808 792 878 865 sint,
895 792 1088 852 continenter
1098 809 1148 851 us-

107 895 172 955 que
190 880 230 937 ad
250 877 354 952 ipsum
368 877 544 953 negotium3
570 877 699 948 deinde,
720 878 750 936 in
771 877 843 952 ipso
862 877 1000 951 gerendo
1024 877 1148 951 negotio

110 963 186 1039 quid
201 969 302 1022 actum
318 962 374 1033 sit;
397 960 523 1032 deinde,
541 960 614 1035 quid
627 969 740 1036 postea
754 961 869 1020 iactum
883 960 933 1021 sit.

196 1042 248 1106 38.
264 1046 298 1105 ln
315 1043 458 1120 gestione
473 1053 577 1105 autem
592 1043 721 1119 negotii,
738 1044 791 1118 qui
804 1046 895 1105 loeas
911 1043 1068 1104 secundus
1084 1049 1150 1102 erat

108 1132 151 1190 de
166 1128 213 1200 iis,
231 1145 313 1204 quae
323 1128 455 1205 negotiis
471 1128 617 1188 attributa
628 1135 709 1200 sunt,
725 1133 893 1202 quaeretur
906 1128 1005 1201 locus,
1018 1135 1149 1201 tempus,

108 1213 237 1283 modus,
255 1212 394 1283 occasio,
416 1213 560 1272 facultas.
597 1213 698 1272 Locus
717 1211 946 1283 consideretur,
966 1211 1076 1287 inquo
1098 1225 1150 1269 res

108 1296 267 1373 gestasti,
291 1312 330 1373 err
345 1294 592 1371 opportunitate,
616 1311 709 1369 quam
725 1295 868 1355 videatur
880 1293 1028 1355 notuisse
1042 1294 1082 1353 ad
1098 1310 1149 1353 ne-

108 1380 226 1456 gotium
246 1378 530 1439 administrandum.
565 1379 610 1438 Ea
630 1385 733 1438 autem
754 1378 972 1454 opportunitas
992 1378 1150 1452 quaeritur

109 1480 151 1522 ex
164 1462 382 1536 magnitudine,
396 1462 570 1532 intervallo,
585 1462 826 1536 longinquitate,
841 1460 1084 1536 propinquitate,
1100 1476 1150 1520 so·

109 1544 249 1616 titudine,
266 1544 452 1615 celebritate,
468 1552 579 1603 natura
591 1543 690 1617 ipsius
707 1544 768 1602 loci
782 1552 813 1605 et
827 1543 987 1604 vicinitate
997 1545 1091 1605 totius
1104 1560 1150 1602 re-

109 1626 229 1704 gionis3
245 1641 284 1686 ex
297 1626 346 1686 his
363 1626 454 1686 etiam
469 1626 733 1686 attributionibus:
754 1640 846 1687 sacer
858 1642 897 1686 an
911 1627 1078 1701 prutenus,
1094 1642 1150 1701 pu-

112 1712 212 1771 alicus
227 1726 266 1768 an
280 1708 431 1786 privatus,
443 1708 562 1769 alienus
573 1725 613 1767 an
626 1708 735 1783 ipsius,
752 1709 792 1768 de
807 1726 869 1783 quo
886 1711 994 1784 agitur,
1009 1710 1100 1770 loeus
1111 1709 1151 1768 sit

111 1802 166 1854 aut
180 1793 283 1853 luerit.
298 1836 301 1840 -
318 1791 369 1854 39.
390 1793 526 1867 Tempus
541 1797 643 1852 autem
659 1798 707 1852 est
726 1791 774 1863 id,
795 1808 857 1867 quo
879 1806 962 1852 nuuc
983 1791 1096 1852 utimur
1108 1826 1151 1836 -

111 1892 183 1938 nam
198 1877 301 1952 ipsum
318 1876 442 1952 quidem
455 1875 642 1952 generaliter
656 1874 786 1935 delinire
800 1874 926 1936 difficile
948 1878 996 1935 est
1015 1908 1058 1920 -
1077 1891 1150 1950 pers

112 1962 265 2036 quaedam
283 1958 475 2021 aeternitatis
490 1976 561 2020 cum
575 1959 706 2020 alicuius
725 1958 832 2030 annui,
850 1959 1023 2031 mensurni,
1040 1959 1149 2032 diurni,

113 2042 307 2120 [vespertini]
329 2043 512 2104 noctrunive
528 2044 621 2119 spatii
636 2050 721 2103 certa
731 2041 967 2117 significatione.
994 2042 1028 2104 In
1044 2044 1104 2103 hoc
1120 2050 1152 2103 et

113 2143 194 2203 quae
207 2126 421 2202 praeterierint
432 2127 682 2194 considerantum
695 2134 726 2186 et
736 2141 844 2187 eorum
853 2122 1001 2202 ipsorum,
1011 2133 1151 2201 quaeant

112 2217 435 2287 proptervetustatem
447 2210 659 2271 obsoleverint
670 2216 724 2270 aet
735 2208 1106 2281 incredibiliavideantnr,
1117 2217 1151 2269 ut

111 2296 172 2355 iam
187 2295 217 2355 in
232 2294 405 2354 tabularum
419 2310 580 2354 numerum
594 2300 803 2369 reponentem
819 2300 851 2353 et
865 2308 945 2367 quae
959 2293 1021 2353 iam
1034 2293 1087 2354 diu
1099 2308 1150 2367 ge-

112 2386 160 2438 sta
181 2386 243 2438 eta
258 2378 405 2439 memoria
420 2385 528 2438 nostra
546 2384 681 2449 remota,
704 2384 807 2437 tamen
827 2377 942 2436 faciant
961 2376 1054 2436 fidem
1077 2392 1151 2435 vere

110 2462 222 2523 tradita
233 2477 314 2533 esse,
324 2462 409 2536 quod
420 2468 528 2522 eorum
539 2470 739 2523 monumenta
750 2466 835 2520 certa
848 2460 879 2523 iu
890 2459 999 2521 litteris
1011 2466 1134 2520 exstent
1140 2479 1149 2532 ;

112 2553 243 2621 atquae
263 2562 363 2621 nuper
381 2553 471 2620 gesta
492 2546 567 2618 sint,
592 2560 676 2620 quae
695 2544 776 2606 scire
793 2543 935 2620 plerique
955 2542 1092 2620 possint3
1121 2550 1151 2602 et

110 2631 183 2689 item
204 2644 284 2702 quae
306 2629 424 2689 instent
442 2629 473 2688 in
495 2628 672 2705 praesentia
693 2637 724 2690 et
749 2645 845 2702 quum
866 2628 999 2688 maxime
1020 2629 1095 2687 fiant
1121 2634 1153 2686 et

113 2727 193 2787 quae
208 2719 450 2786 consequantur.
470 2713 504 2770 ln
516 2714 628 2786 quibus
644 2718 752 2785 potest
764 2710 964 2781 considerari,
977 2710 1051 2785 quid
1063 2711 1151 2770 ocius

114 2802 144 2855 et
159 2794 233 2868 qnid
248 2792 351 2852 serius
364 2796 499 2854 iuturum
513 2795 562 2855 sit.
597 2795 636 2853 Et
650 2794 724 2853 item
743 2794 947 2852 comnmniter
960 2793 991 2851 in
1011 2801 1153 2867 tempore

114 2876 331 2955 perspiciendo
345 2875 555 2950 longinquitas
569 2876 636 2936 eius
649 2883 698 2936 est
712 2875 947 2936 consideranda.
968 2876 1044 2934 Nam
1056 2890 1152 2950 saepe

114 2967 239 3037 oportet
259 2958 429 3019 commetiri
447 2974 517 3020 curn
531 2966 674 3034 tempore
695 2959 853 3034 negotium
875 2965 906 3018 ct
919 2958 1040 3032 videre,
1062 2965 1150 3034 potu·

114 3047 210 3106 eritne
235 3050 289 3103 uut
315 3042 493 3118 magnitudo
520 3044 636 3119 negotii
663 3050 720 3104 aut
740 3042 902 3103 multitudo
928 3059 1031 3103 rerum
1054 3043 1085 3103 in
1112 3060 1150 3106 eo

113 3127 240 3203 transigi
260 3135 411 3203 tempore.
457 3127 677 3189 consideratur
696 3135 798 3188 autem
824 3133 946 3202 tempus
971 3134 1002 3188 et
1022 3129 1094 3189 unni
1121 3137 1153 3190 et

115 3212 228 3272 mensis
245 3219 276 3271 et
290 3210 351 3272 diei
367 3218 398 3271 et
413 3211 512 3273 noctis
525 3219 556 3273 et
565 3211 688 3288 vigiliae
700 3219 730 3273 et
743 3212 840 3272 horae
856 3217 887 3271 et
903 3211 933 3272 in
948 3212 1052 3288 aliqua
1062 3224 1151 3289 parte

115 3297 243 3359 alicuius
258 3296 377 3360 horum.
392 3296 514 3357 XXVII.
529 3295 581 3357 40.
598 3295 729 3357 Occasio
746 3304 847 3356 autem
859 3303 990 3372 estpars
1002 3297 1151 3371 temporis

115 3379 232 3439 habens
247 3379 277 3439 in
294 3396 330 3439 se
344 3379 473 3442 alicuius
488 3380 534 3441 rei
552 3380 698 3442 idoneam
713 3379 847 3440 faciendi
861 3387 915 3440 aut
935 3397 998 3440 non
1018 3375 1151 3437 faciendi

117 3463 385 3537 opportunitatem.
405 3465 505 3539 Quare
517 3481 587 3524 cnm
598 3472 739 3540 tempore
750 3463 811 3522 hoc
824 3462 941 3522 differt:
955 3476 1023 3519 nam
1035 3467 1151 3528 genere
