2575 3892
39 3 61 107 l'
114 3 172 91 l.

38 110 41 189 l
130 142 483 285 bc.r,g{..z3=blclss
506 182 529 238 1.
551 180 636 241 can.
657 190 700 245 ⁵⁵.
720 191 747 252 s.
770 191 924 249 roc-ru.
1112 187 1169 249 151.

37 342 38 345 ’
135 340 202 403 lbi.
224 342 342 404 Deinde
355 341 474 419 primus
490 346 580 406 locus
596 354 646 408 est
661 347 905 425 misericordiae,
924 369 982 428 per
997 369 1089 429 quern
1106 352 1172 429 qui·

132 425 188 487 bus
203 426 234 488 in
252 427 343 491 bonis
359 427 472 487 tuerint
487 436 516 487 et
534 445 616 491 nunc
632 430 745 504 quibus
761 432 792 492 in
807 434 895 495 malis
910 435 971 496 sint
987 437 1171 499 ostenditur.

131 508 302 584 Secundus,
321 511 374 586 qui
391 511 423 570 in
438 517 580 587 tempora
595 513 797 588 distribuitur,
812 531 991 594 perquem,
1011 520 1123 597 quibus
1131 523 1169 600 ,in

129 595 216 654 melis
232 593 346 654 tuerint
358 603 388 655 et
403 595 464 655 sint
479 603 509 655 ct
521 597 617 658 iuturi
629 597 700 670 sint,
713 601 953 663 demonstratur.
971 603 1101 679 Tertius,
1114 622 1172 680 per

130 693 222 750 quem
236 695 332 739 unum
349 680 497 755 quodque
517 681 700 756 deploratur
712 683 957 758 incommodum,
978 685 1056 749 utin
1072 696 1170 750 morte

127 759 183 820 filii
196 761 346 835 pueritiae
362 760 538 837 delectatio,
551 782 647 838 amor,
660 783 743 842 spes,
758 769 916 841 solacium,
935 768 1077 831 educatio
1093 778 1132 843 et,
1144 773 1172 831 si

130 855 191 915 qua
203 844 292 919 simili
306 845 337 906 in
352 863 469 922 genere
484 849 622 922 quolibet
637 852 677 910 de
693 850 892 915 incommodo
905 868 962 929 per
973 854 1170 929 conquestio-

126 941 197 985 nem
210 927 435 1005 dicipoterunt.
450 930 592 1006 Quartus,
602 949 660 1008 per
669 950 761 1010 quem
772 951 825 996 res
838 943 946 1012 turpes
960 943 991 997 et
1002 937 1132 998 humiles
1140 946 1171 998 et

125 1007 291 1072 illiberales
307 1016 506 1089 proferentur
531 1023 562 1076 et
585 1015 731 1093 indignae
756 1025 874 1091 aetate,
900 1022 1171 1099 generatorium

123 1092 270 1167 pristina,
292 1095 426 1171 honore,
449 1098 625 1172 beneficiis3
653 1117 735 1176 quac
751 1101 839 1176 passi
854 1104 1082 1192 perpessurive
1098 1102 1170 1164 sint.

124 1180 263 1256 Quintus,
277 1198 335 1257 per
349 1199 441 1259 quem
456 1180 559 1244 omnia
572 1187 643 1241 ante
658 1179 769 1241 oculos
783 1179 958 1255 singillatim
971 1177 1168 1238 incommoda

89 1324 91 1335 ,
121 1273 287 1340 ponuntur,
303 1275 337 1326 ut
351 1265 491 1327 videatur
505 1263 542 1336 is,
559 1262 612 1338 qui
626 1261 722 1335 audit,
736 1260 843 1323 videre
859 1269 889 1321 et
902 1277 937 1322 re
949 1277 1074 1336 quoque
1085 1259 1165 1336 ipsa,

123 1349 213 1422 quasi
233 1348 328 1422 adsit,
354 1364 416 1410 non
437 1344 541 1407 verbis
567 1347 669 1407 solum
692 1344 734 1405 ad
758 1342 1000 1409 misericordiam
1027 1345 1165 1405 ducatur.

123 1428 194 1492 108.
210 1430 333 1505 Sextus,
349 1448 405 1506 per
417 1445 509 1505 quem
520 1437 642 1503 practer
653 1427 780 1503 spemin
794 1426 926 1488 miseriis
939 1428 1167 1489 demonstratur

124 1521 211 1584 esse,
231 1520 277 1584 et,
306 1529 399 1588 quum
414 1511 532 1587 aliquid
546 1518 757 1585 exspectaret,
783 1526 846 1569 non
860 1512 952 1570 modo
968 1510 1000 1569 id
1016 1528 1077 1571 non
1092 1512 1165 1570 ade-

122 1603 210 1670 ptum
225 1611 306 1666 esse,
323 1595 381 1655 scd
394 1594 426 1653 in
441 1608 580 1654 summas
593 1592 735 1652 miserias
748 1590 908 1653 incidisse.
928 1590 1094 1666 Septimus,
1110 1609 1167 1668 per

124 1694 217 1753 quem
231 1678 272 1737 ad
285 1678 389 1753 ipsos,
411 1675 464 1752 qui
478 1675 621 1750 audiunt,
647 1674 781 1734 similem>
791 1690 898 1736 casum
913 1676 1120 1737 convertimus
1136 1685 1166 1737 et

122 1760 272 1836 petimus,
298 1768 332 1822 ut
352 1761 391 1821 de
413 1759 479 1821 suis
499 1756 605 1819 liberis
626 1765 679 1818 aut
699 1757 879 1832 parentibus
899 1766 952 1820 aut
965 1758 1086 1834 aliquo,
1113 1756 1166 1834 qui

121 1844 183 1904 illis
210 1860 302 1904 carus
324 1844 436 1904 debeat
461 1858 550 1915 csse,
579 1857 637 1903 nos
665 1856 759 1916 quum
784 1840 924 1913 videant,
954 1844 1165 1903 recordentur.

122 1926 273 2001 Octavus,
298 1944 356 2003 per
378 1943 470 2003 quem
491 1924 609 2000 aliquid
629 1923 740 1986 dicitur
759 1940 831 1985 esse
847 1926 974 1999 sactum,
1002 1927 1085 2001 quod
1102 1943 1164 1986 non

122 2010 300 2086 oportuerit,
315 2021 444 2072 autnon
460 2011 582 2083 iactum,
598 2009 684 2085 quod
699 2007 876 2084 oportuerit,
891 2009 952 2069 hoc
967 2010 1074 2071 modo:
1097 2010 1164 2072 lton

121 2094 215 2167 adlui,
238 2111 300 2155 non
317 2094 388 2168 iridi,
410 2109 473 2154 non
484 2101 677 2170 postremam
689 2108 800 2153 vocem
815 2090 882 2153 eius
897 2091 1011 2167 audivi,
1033 2110 1094 2154 non
1110 2111 1164 2155 ex-

122 2184 251 2237 tremum
267 2176 408 2252 spiritum
423 2175 491 2238 eius
506 2175 626 2252 excepi.
658 2177 749 2237 Itcm=
764 2174 962 2237 mimicorum
974 2176 1006 2236 in
1020 2177 1164 2239 manibus

120 2269 261 2321 mortuus
276 2268 333 2334 cst,
347 2260 452 2322 hostili
467 2260 498 2320 in
513 2269 595 2321 terra
604 2258 737 2335 turpiter
751 2257 846 2320 iacuit
858 2259 1042 2336 insepultus,
1056 2278 1076 2321 a
1090 2260 1164 2322 teris

119 2343 174 2405 diu
190 2349 335 2420 vexatus,
357 2343 513 2406 communi
529 2359 655 2420 quoqne
669 2344 788 2403 honore
802 2341 833 2402 in
848 2351 946 2411 morte
962 2343 1068 2405 caruit.
1092 2342 1163 2407 109.

116 2426 242 2502 Nonus,
266 2442 323 2503 per
344 2444 437 2502 quem
451 2426 550 2489 oratio
565 2427 606 2487 ad
621 2433 722 2487 mutas
737 2432 768 2486 et
782 2433 928 2501 expertes
942 2426 1035 2493 animi
1050 2445 1101 2490 res
1115 2445 1164 2489 re·
1260 2468 1261 2483 .

118 2513 241 2584 leretur,
263 2517 305 2583 ut,
322 2510 350 2573 si
364 2511 405 2572 ad
419 2527 543 2587 cqumn,
557 2511 693 2584 domum,
710 2516 828 2570 vestem
843 2526 1017 2572 sermonem
1032 2511 1163 2576 alicuius

116 2595 345 2667 accommodes
368 2594 482 2670 quibus
496 2592 617 2655 animus
632 2608 750 2667 eorum,
772 2592 826 2668 qui
840 2593 969 2656 audiunt
983 2604 1014 2656 et
1027 2594 1162 2672 aliquem
1257 2622 1259 2625 ’

117 2675 310 2748 dilexerunt,
333 2678 533 2741 vehementer
554 2684 774 2739 commovetur.
809 2676 970 2752 Decimus,
996 2695 1055 2753 per
1070 2696 1162 2755 quem

116 2757 239 2832 inopia,
260 2757 436 2833 infirmitas,
457 2760 593 2823 solitudo
609 2760 846 2833 demonstratur.
881 2759 1081 2835 Undecimus,
1104 2779 1162 2837 per

117 2857 212 2915 quem
226 2848 280 2901 aut
293 2840 458 2904 liberorum
471 2853 524 2905 aut
537 2851 698 2918 parentum
709 2852 762 2905 aut
773 2842 822 2904 sui
834 2843 975 2919 corporis
988 2843 1162 2918 sepeliendi

31 2938 33 2941 ·
81 2993 84 2998 ¹
117 2929 171 2984 aul
184 2921 316 2984 alicuius
330 2923 483 2986 eiusmodi
497 2926 543 2987 rei
557 2927 782 2989 commendatio
797 2928 840 2988 fit.
868 2925 1088 3002 Duodecimus,
1104 2945 1161 3005 per
1241 2928 1247 3017 j

116 3022 211 3083 quem
232 3006 398 3071 disiunctio
420 3009 599 3084 deploratur
618 3010 658 3070 ab
678 3010 798 3087 aliquo,
825 3016 920 3086 quum
941 3010 1097 3073 diducaris
1120 3013 1158 3074 ab
1243 3040 1248 3051 ·

114 3106 170 3164 eo,
194 3090 319 3167 quicum
333 3090 535 3153 libentissime
549 3092 681 3168 vixeris,
702 3102 736 3155 ut
749 3112 768 3155 a
783 3102 925 3170 parente,
948 3094 1027 3168 illio,
1056 3097 1157 3171 tratre,

114 3173 272 3241 familiare.
298 3175 417 3236 Tertius
432 3175 580 3252 decimus,
594 3193 652 3254 per
668 3193 759 3254 quem
774 3194 844 3239 cum
858 3176 1069 3254 indignatione
1083 3196 1157 3242 con·

114 3257 287 3333 querimur,
313 3259 397 3334 quod
418 3260 456 3320 ab
477 3259 532 3334 iis,
557 3277 577 3320 a
599 3261 712 3336 quibus
732 3259 856 3322 minime
871 3261 1052 3337 conveniat,
1077 3266 1158 3324 male

112 3346 292 3416 tractemur,
317 3339 517 3419 propinquis,
540 3343 664 3420 amicis,
691 3344 802 3422 quibus
823 3345 956 3420 benigne
981 3343 1159 3417 fecerimus,

112 3437 194 3496 quos
215 3425 371 3487 adiutores
395 3428 460 3489 iore
480 3428 667 3503 putarimus,
693 3435 746 3489 aut
759 3445 777 3488 a
792 3428 904 3503 quibus
924 3427 1084 3501 indignum
1105 3422 1158 3496 sit,
1232 3490 1237 3511 Ι
