2575 3892
165 220 209 265 χχ
407 198 595 249 PROOEMIUM
614 198 777 252 EDITIONIS
796 200 975 251 SECUNDAE.

164 369 238 419 libris
249 367 349 432 optimis
360 374 384 414 et
395 365 524 429 plurimisr
537 367 733 417 demonstrando
743 366 871 427 difficilius
882 374 908 414 et
918 370 996 416 maiar
1002 368 1084 428 fuisse
1093 371 1128 430 id,
1139 375 1209 435 qaod
1259 374 1260 399 ³

163 437 201 486 ad
210 434 372 485 iudicandum
379 433 525 496 adferatur,
537 433 564 483 id
576 433 645 496 quod
657 447 737 497 nuper
749 432 842 494 recepit
850 431 986 495 Kayserus.
1010 433 1061 483 Sed
1073 436 1099 484 id
1111 444 1207 500 temen,
1259 442 1261 499 ἔ

164 504 188 553 si
198 516 252 551 rem
264 507 289 550 st
300 501 452 550 sententium
462 508 616 566 spectemus,
627 513 714 547 verum
725 511 782 545 esse
791 511 842 546 non
851 507 943 562 potest,
955 513 1033 561 quem
1041 503 1168 567 rescripsi,
1179 506 1208 554 id

164 568 234 632 quod
245 567 319 618 iscile
331 567 470 617 oblitterari
481 567 529 617 hoo
540 568 595 617 loco
607 566 704 631 potuit:
716 564 750 618 ia,
764 565 833 627 quod
843 572 902 615 ante
913 567 1049 617 indication
1060 568 1206 631 adferatur.

163 636 248 687 libii.
260 650 284 683 c.
290 635 332 684 14.
344 634 417 695 §.ib
430 635 564 699 rescripsi:
576 639 626 681 tarn
635 631 675 678 illi
686 631 713 677 in
722 631 828 680 medinm
840 636 986 686 coaceromi
996 636 1049 683 loci
1055 638 1207 698 procedent,
1260 678 1261 683 ,

165 702 198 751 de
209 701 358 768 Nipperdeii
369 704 521 761 coniectura,
533 700 559 746 in
570 710 648 759 quem
659 696 715 760 ipse
727 709 835 757 quoqne,
847 705 906 747 ante
915 715 991 760 quem
1001 699 1149 765 Nipperdeii
1160 718 1206 750 uu·
1261 706 1262 745 l

165 769 309 819 ctoritatem
321 769 438 834 cognovi,
451 766 597 814 incideram.
620 760 844 827 sansonesca,
858 766 964 828 quadiu
975 766 1045 815 libris
1058 778 1104 829 est,
1119 783 1209 819 verum

166 850 225 888 esse
237 851 287 886 non
299 842 393 901 potest.
417 831 494 883 usi.
507 830 597 891 §.loir
609 844 644 878 ex
656 829 809 894 optimarum
821 830 943 880 librorum
955 832 1064 895 indiciis,
1077 835 1104 880 in
1116 836 1208 896 quibus

165 917 218 954 non
230 911 269 952 est
280 902 393 962 decern,
407 899 506 962 possis,
524 910 612 947 verum
623 897 710 945 dicere
721 898 819 959 possis,
829 904 910 946 totum
921 898 1007 965 lacurn
1019 911 1086 951 nnnc
1098 901 1134 947 its
1145 915 1208 949 con·
1261 948 1262 951 ,

166 969 248 1020 stitul:
270 966 303 1016 Ut
314 968 338 1017 si
345 981 397 1029 pro
410 967 493 1028 aliqw
506 964 576 1015 claro
589 969 632 1012 ant
640 962 708 1022 forti
718 963 772 1013 oiro
785 989 817 998 —
830 965 912 1021 dices,
929 980 959 1013 re
967 966 1066 1027 posse,
1084 982 1157 1030 panor
1173 969 1217 1017 oi··
1262 1012 1263 1027 ,

166 1037 252 1085 decrit
267 1048 318 1084 non
333 1035 371 1082 uti
382 1033 570 1095 deprecatione,
587 1031 625 1079 ati
636 1036 717 1079 tanen
730 1036 776 1079 sto.
800 1028 828 1079 G.
839 1031 881 1080 43.
898 1032 923 1092 s.
938 1031 995 1080 125.
1014 1034 1087 1095 quasi
1098 1036 1124 1081 in
1135 1035 1210 1084 testis
1262 1042 1263 1051 ¹

166 1104 222 1151 loca
234 1100 267 1148 de
278 1100 422 1148 coniectura
433 1097 538 1161 Kayseri
551 1096 683 1145 verissime
694 1095 807 1160 reposui.
832 1095 860 1146 0.
871 1098 914 1148 49,
927 1098 952 1157 5.
966 1097 1022 1147 146.
1036 1097 1094 1146 libri
1104 1099 1210 1159 quidem

165 1166 267 1230 plurimi
279 1173 304 1213 et
315 1165 404 1229 optimi
414 1163 520 1213 habeut:
537 1165 599 1228 qaia
615 1163 763 1226 discrepent
778 1165 846 1212 inter
856 1178 898 1222 se,
909 1165 958 1213 sed
969 1178 1001 1213 ea
1013 1170 1073 1225 etc,
1091 1180 1157 1226 quae
1170 1175 1210 1214 te·

165 1247 224 1282 men
235 1244 296 1281 vers
309 1245 359 1280 non
371 1238 456 1297 potest
467 1245 525 1280 esse
536 1230 676 1293 scripture:
692 1229 783 1293 scripsi
800 1229 891 1291 igitur:
909 1232 970 1295 qnia
982 1230 1129 1294 discrepent
1141 1234 1210 1281 inter

166 1315 230 1356 sese,
243 1314 275 1349 ea
287 1300 395 1348 manime
408 1304 454 1348 etc.
467 1311 489 1346 a.
502 1297 543 1349 51.
556 1297 580 1357 9.
595 1296 653 1345 154.
669 1295 761 1359 scripsi
774 1309 853 1344 nunor
870 1298 1018 1352 illocalem,
1031 1299 1100 1346 cuias
1112 1312 1210 1347 merces
1263 1326 1264 1329 =

166 1373 241 1416 erant
256 1368 283 1414 in
299 1366 368 1421 navi,
391 1366 417 1414 ia
431 1365 542 1427 gladium
557 1362 649 1413 ibidem
664 1361 825 1411 incumberet.
843 1374 865 1414 c.
878 1363 919 1414 53.
937 1361 963 1423 §t
976 1361 1024 1411 liii
1041 1361 1089 1411 hoc
1105 1364 1210 1429 reposui
1263 1380 1264 1385 ¹

165 1434 199 1482 de
211 1433 355 1481 coniectura
365 1444 435 1479 mee:
451 1432 551 1493 picem,
566 1444 618 1492 per
629 1444 702 1493 qaam
718 1430 839 1492 congane
857 1430 997 1479 contemtis
1007 1431 1159 1494 patriaeque
1171 1433 1210 1478 in·

166 1501 229 1549 colis
240 1499 350 1562 officiant
365 1504 393 1547 et
408 1498 516 1562 diligens
533 1495 653 1545 tribuiter
668 1497 757 1545 adias.
785 1494 849 1543 Num
866 1509 948 1556 neque
960 1495 1073 1558 intelligo
1087 1497 1149 1558 quid
1160 1512 1210 1559 pa-

167 1569 233 1615 triae
247 1566 360 1614 benevoli
370 1561 410 1612 hic
423 1563 502 1612 velint
515 1576 598 1626 neque
607 1560 668 1625 quid
679 1561 822 1610 benevolam
833 1562 951 1623 officiam.
967 1561 1051 1610 Feriis
1062 1570 1148 1611 autem
1160 1576 1209 1627 pe-

167 1630 296 1696 trincque
314 1627 416 1681 incolis
428 1631 453 1678 in
467 1626 606 1695 putrisoq.
620 1625 766 1678 uencuolis
779 1629 869 1676 mutari
882 1629 972 1692 potnit.
997 1627 1112 1677 Dubitari
1124 1639 1211 1678 eurem
1264 1670 1265 1683 2

167 1706 263 1764 potest,
283 1697 306 1745 si
318 1697 439 1748 librorum
452 1696 627 1747 auctoritatem
638 1694 839 1757 consideremus,
857 1702 942 1743 utrium
954 1694 1040 1759 Cicero
1050 1698 1157 1758 patriae
1170 1695 1209 1743 in-

165 1768 229 1815 colit
238 1768 264 1814 et
272 1767 395 1828 sanguine
403 1770 542 1814 coniunctis
550 1767 682 1826 scripserit
689 1775 722 1809 en
731 1761 800 1822 quod
808 1774 855 1810 nos
868 1760 1007 1811 edidimus:
1018 1764 1141 1825 sanguine
1150 1776 1211 1812 con·

164 1833 258 1883 iunctis
270 1835 423 1897 patriaeque
435 1832 538 1885 incolis,
552 1829 584 1878 de
596 1827 772 1878 emendatione
783 1834 867 1875 temen
879 1840 937 1887 mee
948 1827 1011 1875 mihi
1022 1827 1122 1876 videtur
1135 1828 1211 1877 dubi·

166 1898 215 1948 teri
228 1912 278 1948 non
290 1911 376 1964 passe.
403 1897 430 1946 G.
444 1898 484 1945 54.
498 1897 522 1957 §.
531 1895 587 1943 164.
601 1893 694 1954 scripsi
706 1892 738 1941 de
750 1893 894 1940 coniectura
906 1906 976 1941 ines:
986 1908 1038 1956 per
1049 1909 1123 1958 qnam
1136 1893 1213 1944 animi

167 1972 261 2015 tetam
277 1966 304 2014 in
321 1965 404 2015 odiam
420 1963 526 2011 alicuius
537 1959 678 2020 infectionis
693 1959 815 2008 concitati
830 1960 948 2008 comitate
963 1960 1118 2012 retinentur.
1148 1960 1212 2008 Num

167 2031 317 2082 invectionis
329 2029 534 2083 estimationis,
547 2025 615 2086 quod
627 2025 654 2071 in
666 2021 735 2072 libris
748 2032 796 2087 est,
809 2022 881 2072 nihili
893 2033 940 2086 est,
955 2024 1062 2073 nimium
1074 2035 1157 2074 sutem
1171 2040 1212 2073 re·

169 2099 235 2148 cedit
247 2113 262 2146 s
273 2097 393 2146 librorum
406 2095 532 2158 scripture
545 2105 591 2139 neo
603 2090 764 2153 aptissimum
777 2096 816 2138 est
826 2104 872 2155 per
884 2104 955 2153 sese,
968 2092 1036 2153 quod
1049 2105 1132 2157 nuper
1143 2093 1211 2153 Kap-

168 2179 242 2216 serus
259 2163 388 2228 reposuit,
405 2161 553 2212 innocentis.
583 2155 611 2206 O.
624 2155 667 2206 56.
684 2157 707 2217 S.
721 2157 769 2205 169
791 2157 823 2205 de
845 2158 988 2207 coniectura
1003 2172 1060 2208 mee
1076 2158 1211 2222 rescripsi:

167 2232 286 2296 potentia
297 2236 337 2281 est
348 2231 384 2278 ati
393 2242 441 2278 saa
452 2226 627 2281 conservanda
643 2229 669 2272 et
681 2225 787 2273 alterius
799 2225 956 2274 anenuanda
966 2226 1114 2275 idonearum
1126 2237 1213 2274 rerum

167 2299 288 2361 facultas.
317 2295 381 2345 Nem
397 2294 546 2352 obtinenda,
564 2290 633 2353 quod
644 2289 720 2353 vulgo
733 2290 827 2348 editur,
844 2293 906 2341 setis
924 2299 1122 2341 consentaneum
1134 2290 1212 2340 huius

170 2364 220 2414 loci
237 2363 376 2413 sentcntiae
393 2375 444 2410 non
456 2366 511 2423 est‚·
526 2372 573 2407 nec
590 2370 650 2406 vero
662 2356 725 2405 illud
735 2356 909 2422 probandum,
927 2359 995 2418 quod
1011 2373 1092 2424 nuper
1108 2373 1143 2408 ex
1161 2367 1212 2405 uno

170 2430 233 2480 libro
250 2429 364 2494 reposuit
380 2429 521 2491 Kayserus:
539 2422 708 2488 adquirenda.
736 2422 819 2481 Quum
835 2425 911 2488 igitur
928 2426 956 2472 in
967 2425 1037 2474 libris
1049 2425 1167 2489 plurimis
1180 2421 1214 2471 sit

171 2497 324 2557 adterendo,
338 2496 384 2545 vix
395 2501 479 2559 potest
490 2490 599 2542 dubitari
611 2489 674 2550 quin
684 2493 842 2540 attenuanda
852 2491 1026 2555 reponendum
1038 2492 1083 2541 sit.

239 2562 309 2622 Ques
326 2569 455 2627 praeterea
472 2557 581 2616 mutavi,
599 2570 628 2604 ce
644 2571 694 2619 qus
711 2558 891 2606 auctoritates
908 2571 950 2605 me
965 2558 1075 2622 reposita
1092 2560 1146 2607 ium
1162 2555 1214 2603 sint

174 2644 250 2690 quum
262 2628 337 2680 iucile
348 2627 461 2691 intellegi
473 2628 562 2692 possit,
575 2623 684 2687 emplius
696 2621 747 2671 hoc
758 2622 813 2673 loco
826 2623 977 2687 exponenda
990 2639 1040 2674 non
1052 2630 1124 2689 puto.

240 2744 337 2811 Scripsi
346 2743 449 2810 Lipsiae
460 2744 550 2793 diebus
563 2741 775 2806 pentecostalibus
787 2742 847 2790 enni
858 2738 1056 2791 Mocccnxffl.

952 2887 989 2939 lt.
1007 2886 1108 2940 Klotz
