2575 3892
114 174 150 230 et
319 163 434 221 LIBER
446 162 482 219 lt.
507 162 590 221 CAP.
605 169 728 222 44—45.
750 168 776 228 §-
787 168 943 223 lat-134.
1099 161 1159 223 193

117 319 291 377 facultatem
306 312 455 388 defuisse,
472 329 535 389 quo
549 313 651 372 minus
667 320 773 387 aperte
788 321 897 389 posset
911 312 1105 388 perscribere
1119 314 1161 387 id,

23 404 27 439 i
118 401 204 476 quad
218 399 382 473 cogitarem
398 413 461 457 nen
475 398 574 458 tuisse
587 396 616 455 ei
630 411 725 469 grave
740 413 797 456 nee
812 396 936 459 difficile
950 411 1018 456 eam
1033 411 1160 457 eausam

23 516 26 531 ·
115 485 271 559 excipere,
295 497 388 556 quam
402 480 571 542 adversarii
586 481 760 555 proferant,
781 481 809 541 si
823 480 991 557 quidquam
1006 482 1161 555 excipien-

115 569 190 627 dum
204 572 361 642 putassem
383 580 556 629 consuesse
569 579 641 636 ecs,
664 565 716 639 qui
734 567 820 640 leges
834 564 983 637 scribant,
1005 566 1161 638 exceptic-

116 652 209 711 ntbus
230 650 284 710 uti.
320 645 391 708 131.
406 650 526 710 Deinde
540 654 665 724 eportet
676 649 806 709 recitare
821 650 906 723 leges
922 663 992 706 cum
1006 651 1159 721 exceptic-

23 782 24 785 η
115 737 207 794 nibus
222 734 354 809 scriptas
369 740 400 793 et
413 734 546 794 maxime
559 733 676 805 videre,
693 747 810 807 ecquae
824 734 855 793 in
871 748 909 792 ea
922 731 993 805 ipsa
1006 732 1083 805 lege,
1100 749 1161 806 qua

116 820 156 878 de
180 824 301 893 agatur,
328 818 368 877 sit
388 821 529 894 exceptio
549 817 654 891 aliquo
677 817 823 891 incapite
849 825 901 876 cut
921 815 1006 889 apud
1030 816 1161 876 eundem

114 904 193 976 legis
206 901 399 976 scriptorem,
415 918 477 977 que
490 902 588 975 magis
600 901 749 974 probetur
760 916 830 961 eum
841 900 938 961 luisse
950 905 1160 974 excepturum,

115 987 144 1045 si
167 986 241 1060 quid
255 985 474 1060 excipiendum
489 992 626 1061 putaret;
654 989 683 1044 et
698 985 864 1045 ostendere
879 999 1006 1044 eausam
1019 983 1161 1056 accipere

114 1069 191 1127 nihil
201 1069 296 1128 'aliud
318 1084 390 1129 esse
405 1071 465 1129 nisi
480 1071 579 1143 legem
593 1068 729 1138 tolleres
744 1069 813 1128 ideo
830 1067 930 1144 quod,
957 1081 1052 1142 quum
1066 1067 1162 1125 semel

1264 704 1268 807 Ξ

1266 866 1268 1015 t

1266 1020 1268 1091 i

115 1168 214 1212 causa
233 1152 462 1227 consideretur,
486 1153 561 1212 nibil
581 1152 706 1211 attineat
726 1168 795 1212 earn
816 1168 854 1212 ex
870 1154 940 1226 lege
954 1150 1161 1223 considerare,

114 1236 233 1311 quippe
255 1251 335 1309 quae
356 1238 385 1294 in
406 1238 475 1310 lege
489 1237 605 1311 scripta
620 1252 683 1295 non
699 1236 748 1295 sit.
783 1235 872 1309 Quod
887 1235 914 1294 si
929 1234 968 1294 sit
981 1234 1159 1308 institutum,

113 1319 258 1381 omnibus
280 1319 346 1378 dari
366 1335 492 1379 causam
512 1327 544 1379 et
563 1325 748 1394 potestatem
768 1318 935 1394 peccandi,
965 1333 1059 1393 quum
1073 1318 1160 1376 intel-

112 1404 246 1463 lexerint
258 1419 316 1461 vos
333 1418 372 1461 ex
387 1404 510 1477 ingenio
525 1405 603 1475 eius,
619 1404 672 1477 qui
688 1411 795 1463 contra
805 1405 905 1476 legem
915 1403 1031 1476 iecerit,
1047 1418 1109 1461 nen
1121 1416 1160 1460 ex

114 1490 193 1560 lege,
210 1485 241 1542 in
258 1501 349 1557 quam
363 1485 452 1545 iurati
467 1487 543 1558 sitis,
564 1500 630 1543 rem
644 1486 798 1553 iudicare3
819 1485 931 1545 deinde
945 1491 977 1543 et
990 1485 1068 1559 ipsis
1082 1485 1159 1545 iudi·

114 1570 204 1628 cibus
226 1566 382 1627 iudicandi
402 1577 432 1628 et
453 1568 584 1627 caeteris
605 1567 725 1629 civibus
745 1568 871 1627 vivendi
891 1567 1028 1628 rabones
1043 1575 1159 1642 pertur-

22 1687 27 1699 =
75 1646 78 1650 ’
113 1653 219 1713 batum
235 1650 281 1725 iri,
299 1651 326 1711 si
342 1652 438 1711 semel
453 1650 491 1711 ab
506 1651 626 1727 legibus
640 1666 800 1712 recessum
815 1651 870 1722 sit;
895 1649 966 1712 132.
983 1657 1100 1711 namet
1116 1652 1158 1711 iu-

115 1736 203 1795 dices
218 1748 321 1809 neque
337 1735 411 1808 quid
426 1743 595 1812 sequuntur
609 1735 784 1810 babituros,
807 1735 834 1794 si
850 1735 888 1795 ab
904 1751 959 1808 ee,
985 1735 1071 1809 qued
1085 1735 1159 1795 seri-

28 1865 30 1870 .
117 1827 202 1894 ptum
218 1819 272 1890 sit,
293 1819 457 1889 recedent3
481 1835 597 1900 neque,
615 1835 678 1894 que
693 1826 784 1900 pacto
799 1816 867 1878 aliis
883 1818 1015 1894 probare
1029 1819 1156 1896 possint,

21 1935 30 1975 ,-
117 1903 203 1977 qued
218 1908 326 1963 contra
340 1902 440 1977 legem
454 1904 632 1972 iudicarint;
654 1911 684 1962 et
698 1908 837 1964 caeteros
854 1902 947 1977 cives,
971 1901 1046 1978 quid
1059 1909 1159 1978 agant,

21 2006 32 2059 s,
114 1986 321 2061 ignoraturos,
336 1987 363 2047 si
379 2002 418 2047 ex
433 2004 492 2049 sue
509 1987 642 2062 quisque
654 1987 784 2048 consilio
796 1993 828 2046 et
837 1999 878 2046 ex
887 2001 926 2046 ea
936 1986 1063 2059 ratione,
1080 2002 1161 2062 quae

21 2106 35 2149 5,
114 2068 148 2127 in
168 2077 302 2129 mentem
320 2077 373 2130 aut
392 2073 422 2131 in
443 2072 598 2131 libidinem
611 2072 745 2145 venerit,
771 2069 889 2131 ncn'ex
904 2073 1055 2131 communi
1071 2086 1160 2145 prce

29 2188 36 2229 5
116 2154 233 2227 scripto
254 2153 385 2214 civitatis
406 2169 675 2230 unamquamque
699 2167 765 2215 rem
791 2154 1022 2222 administrarit;
1050 2161 1161 2229 posteo

24 2276 38 2317 :²
116 2251 268 2311 quaerere
283 2236 322 2295 ab
336 2237 490 2299 iudicibus
504 2240 598 2313 ipsis,
621 2254 718 2314 quare
732 2239 762 2297 in
777 2238 886 2299 alienis
902 2237 1093 2298 detineantur
1106 2232 1158 2296 ire-

21 2352 38 2400 ³,
113 2320 223 2395 gotiis3
246 2322 357 2380 currui
370 2322 513 2396 publicae
527 2336 653 2382 munere
668 2323 880 2398 impediantur,
896 2336 959 2397 que
975 2323 1077 2382 secius
1093 2322 1159 2382 suis

112 2405 208 2464 rebus
224 2411 255 2464 et
265 2406 436 2466 commodis
448 2404 567 2466 servire
575 2407 717 2481 possint;
734 2422 788 2467 cur
801 2407 830 2465 in
844 2413 928 2467 certa
940 2405 1033 2465 verba
1043 2406 1159 2475 iurene

113 2504 170 2548 eur
191 2495 276 2549 certe
297 2495 435 2565 tempore
450 2491 649 2565 conveniant,
677 2498 760 2551 certe
776 2490 952 2562 discedant,
978 2489 1053 2548 nituit
1074 2490 1158 2566 quis·

115 2587 208 2645 quam
229 2572 348 2631 adierat
361 2589 490 2650 causae,
516 2588 578 2650 quo
594 2575 696 2636 minus
712 2576 889 2650 {requenter
903 2589 1029 2650 operam
1043 2575 1088 2633 rei
1103 2591 1158 2649 pu-

22 2653 46 2737 s„
112 2654 214 2713 blicae
228 2654 288 2727 det,
304 2657 364 2714 nisi
378 2672 459 2731 quae
475 2673 570 2718 causa
583 2659 612 2717 in
629 2662 699 2732 lege
711 2668 843 2733 excepta
857 2660 912 2728 sit3
933 2675 971 2721 an
987 2673 1023 2718 se
1038 2659 1157 2732 legibus

23 2776 44 2821 ,
114 2737 281 2798 obstrictus
307 2737 339 2797 in
359 2741 451 2800 tantis
478 2742 628 2800 molestiis
654 2757 726 2801 esse
753 2758 885 2817 aequum
912 2749 1075 2815 censeant,
1104 2742 1158 2801 ed-

23 2865 44 2900 ,
113 2820 273 2878 versantes
299 2828 425 2881 nostres
452 2824 539 2897 leges
561 2826 717 2898 negligere
738 2826 924 2896 concedant3
952 2823 1024 2887 133.
1046 2824 1158 2886 deinde

22 2900 43 2985 J,
115 2902 357 2976 itemrquaererc
371 2903 411 2964 ab
424 2904 593 2979 iudicibus,
609 2907 636 2967 si
655 2911 721 2969 eius
737 2910 781 2970 rei
796 2925 905 2982 causa,
922 2919 1159 2986 propterquam

23 2985 47 3073 'ft
116 3002 155 3047 se
168 3003 241 3047 reus
255 2993 364 3047 eontra
377 2989 478 3060 legem
493 2990 608 3051 iecisse
618 2991 710 3065 dieat,
725 2994 941 3068 exceptionem
955 2994 1025 3069 ipse
1042 2992 1072 3057 in
1087 2996 1157 3068 iege

21 3108 44 3164 a
119 3076 268 3147 ascribat,
285 3077 448 3148 passurine
466 3079 542 3147 sint3
565 3089 678 3154 postea
690 3081 759 3156 boe,
782 3085 867 3158 quod
882 3085 981 3157 iaciat,
1004 3084 1160 3160 indignius

22 3196 47 3249 aa?
117 3166 149 3217 et
162 3158 369 3235 impudentius
384 3175 470 3234 esse,
493 3179 586 3236 quam
600 3164 628 3224 si
642 3166 791 3236 ascribat;
814 3181 873 3242 age
887 3184 997 3243 porro,
1020 3169 1110 3246 quid,
1134 3170 1161 3230 si

119 3242 181 3316 ipsi
196 3243 308 3303 velient
322 3244 440 3304 iudices
454 3248 620 3321 ascribere,
635 3264 829 3324 passurusne
843 3251 883 3313 sit
896 3255 1053 3328 populns?
1067 3262 1161 3326 atque

23 3328 49 3407 2,ss
118 3324 180 3386 hoc
200 3342 272 3387 esse
291 3328 462 3404 indignius,
488 3347 581 3405 quam
599 3349 665 3393 rem
682 3333 779 3395 verbo
799 3341 830 3395 et
844 3335 949 3396 litteris
964 3345 1082 3396 mutare
1098 3348 1160 3393 non

160 3509 254 3552 ercan.
271 3496 294 3555 l.
918 3508 952 3560 13

21 3404 51 3503 ,553
120 3411 249 3484 possint,
264 3426 331 3472 eam
345 3429 380 3473 re
395 3414 464 3489 ipsa
477 3421 508 3475 et
523 3416 636 3477 iudicio
651 3417 784 3482 maximo
794 3426 997 3479 commutare:
1021 3414 1090 3476 134.
1107 3417 1161 3472 de·
1265 3484 1266 3487 Ἴ
