2575 3892
122 491 174 546 711
216 487 251 540 43
287 485 395 534 Antoni:
414 482 497 549 (cogit
515 484 583 531 euim
600 484 724 533 excedere
740 484 865 548 propositi
885 482 991 533 sormam
1004 499 1065 549 ope·
1099 485 1133 537 fil

286 555 321 603 rie
348 565 484 616 erumpens
506 552 591 601 animo
615 568 645 601 no
670 560 773 615 pectore
797 552 969 617 indigneti03)
992 553 1064 617 nihil,

286 624 397 686 inquom,
415 621 501 685 egisti,
518 622 662 671 mercedem
678 620 856 669 caelestiusimi
873 622 925 670 oris
944 630 969 670 et
980 622 1066 673 duris-

285 692 343 740 simi
366 689 456 754 cupitis
479 689 572 747 abscisi
594 689 750 739 numerando
767 697 1007 752 auctoramentoque
1027 691 1067 739 lu-

285 760 357 809 nehri
375 758 410 808 ud
425 758 609 808 conservatoris
624 758 752 820 quondum
769 757 936 821 reipublicae
952 760 1066 821 tentique

285 842 338 878 cos.
352 826 481 877 invitando
498 841 596 877 necem.
620 827 738 890 Rapuisu
755 833 783 874 tu
800 825 835 876 M.
849 824 966 875 Ciceroni
982 827 1065 875 lucem

284 895 419 946 sollicitum
436 903 460 943 et
478 901 586 945 aetutem
604 895 711 945 senilem
729 902 753 943 et
770 895 849 943 vitem
865 895 1023 944 miseriorem
1040 904 1065 944 te

285 965 409 1030 principe,
428 977 504 1026 quum
515 962 564 1013 sub
576 971 601 1013 te
614 965 745 1014 triumviro
758 970 878 1012 mortem:
897 962 991 1012 lumem
1005 978 1064 1013 vero

285 1033 443 1098 gloriamque
466 1031 590 1082 factorum
614 1040 691 1096 utque
713 1032 837 1082 (lictorum
855 1032 919 1082 odeo
938 1046 989 1082 non
1007 1032 1066 1081 ubs-

286 1100 380 1166 tuliuti‚
397 1108 425 1149 ut
440 1101 553 1151 auxerit.
590 1101 660 1151 Vivit
678 1102 795 1163 vivetque
814 1110 859 1159 per
869 1110 969 1145 omnem
978 1112 1066 1148 mecu-

285 1170 367 1220 lorum
387 1170 551 1229 memorium
576 1170 687 1232 dumque
706 1169 756 1219 hoc
771 1169 813 1218 vel
837 1169 902 1220 iorte
919 1169 960 1219 vel
981 1170 1066 1235 provi-

286 1240 373 1289 dentie
389 1238 430 1287 vel
447 1246 575 1301 utcunque
592 1239 757 1288 constitutum
775 1252 860 1287 rerum
882 1247 988 1289 naturae
1011 1250 1066 1287 cor-

286 1322 344 1373 pus,
363 1308 432 1370 quod
449 1306 492 1356 ille
509 1321 591 1372 paene
609 1307 680 1357 eolus
697 1308 870 1357 Romanorum
888 1309 973 1357 animo
991 1308 1066 1369 vidit,

286 1378 388 1441 iugenio
408 1374 555 1441 complexus
578 1383 630 1440 eet,
657 1375 801 1438 eloquentie
818 1375 986 1434 illuminavit,
1013 1390 1066 1424 mu-

243 1454 247 1457 ·
286 1445 354 1494 nebit
373 1443 509 1509 incolume,
536 1445 653 1494 comitem
677 1446 735 1494 oevi
755 1447 797 1495 sui
819 1445 920 1496 leudem
939 1444 1066 1495 Ciceronis

285 1512 382 1573 truhet3
402 1514 536 1576 omnisque
551 1515 688 1575 posteritas
707 1513 776 1563 illiue
793 1515 862 1564 inte
879 1516 973 1575 scripto
990 1514 1066 1561 miro-

285 1583 361 1645 bitur,
396 1587 468 1631 tuum
492 1582 519 1629 iu
542 1592 601 1628 eum
617 1581 715 1628 lectum
733 1581 917 1637 exeecmbitur3
941 1580 1068 1640 citiusque

285 1651 381 1703 mundo
399 1664 480 1718 genus
494 1648 626 1721 homiuum
643 1665 720 1715 quum
731 1649 823 1717 (huius
840 1647 1066 1772 nomenhceetleet.u

763 1721 829 1774 Vell.
848 1721 907 1771 Pu·
958 1754 966 1770 .
1022 1752 1030 1769 .
