2575 3892
127 200 170 261 46
474 194 528 253 AD
552 194 583 252 C.
605 188 837 253 HERENNIUM

128 368 304 433 verborum,
320 362 483 421 commode
494 358 667 436 poterimus
683 356 832 433 principio
846 353 1063 430 supersedere,
1079 369 1172 412 exor-

129 449 187 507 diri
201 463 328 506 causam
342 452 396 504 aut
414 445 589 504 narratione
603 451 657 502 aut
673 442 775 517 aliqua
790 440 879 499 firma
892 436 1171 514 argumentatione.

129 530 262 601 Deinde,
287 530 313 589 si
328 529 525 588 commodum
539 527 611 597 erit,
634 525 718 599 quod
740 541 802 584 non
825 538 949 597 semper
963 535 1095 580 necesse
1110 527 1172 590 est,

128 616 168 673 ad
187 613 329 688 principii
350 612 532 672 sententiam
552 608 667 668 reverti
683 606 795 666 licebit.
830 608 867 666 X.
890 605 924 665 Si
944 620 1040 664 causa
1060 611 1173 661 nostra

129 706 270 766 magnam
281 690 491 749 difficultatem
501 688 655 748 videbitur
666 688 790 761 habere,
805 697 838 748 ut
849 705 939 748 nemo
951 704 1052 763 aequo
1065 690 1171 751 animo

129 773 313 850 principium
329 771 430 847 possit
443 771 565 843 audire,
591 772 630 829 ab
652 771 827 831 narratione
843 789 937 846 quum
950 772 1171 847 inceperimus,

130 860 169 917 ad
190 856 333 932 principii
349 854 530 913 sententiam
545 860 741 914 revertemur.
778 854 812 914 Si
824 854 958 916 narratio
974 872 1082 930 parum
1096 874 1171 930 pro-

128 940 239 1002 babilis
254 947 311 1011 est,
327 936 523 997 exordiemur
537 938 576 996 ab
591 936 695 1012 aliqua
709 938 797 996 ilrma
811 938 1082 1013 argumentatione.
1111 938 1170 999 llis

129 1020 417 1085 commutationibus
429 1028 460 1079 et
469 1019 880 1097 translationibus[partium]
889 1021 1171 1094 saepeutinecesse
1272 1000 1273 1037 ³

129 1116 186 1177 est,
202 1123 296 1179 quum
310 1105 380 1178 ipsa
389 1119 440 1162 res
453 1103 650 1163 artificiosam
662 1103 897 1178 dispositionem
908 1103 1073 1164 artificiose
1086 1121 1170 1164 com-

129 1198 247 1248 mutare
262 1187 354 1260 cogit.
377 1185 425 1247 18.
441 1188 476 1244 ln
491 1186 723 1247 confirmatione
738 1193 768 1246 et
782 1185 992 1246 confutatione
1007 1203 1170 1262 argumen—

128 1272 277 1332 tationum
296 1268 518 1343 dispositiones
539 1268 716 1329 huiusmodi
738 1270 882 1329 convenit
900 1270 1029 1330 haberer
1059 1271 1170 1331 firmis-

130 1355 224 1414 simas
239 1350 518 1427 argumentationes
535 1351 567 1410 in
580 1351 687 1426 primis
702 1360 732 1412 et
745 1352 776 1411 in
791 1352 957 1427 postremis
973 1369 1086 1414 causae
1098 1370 1169 1428 par—

130 1437 211 1497 tibus
233 1437 403 1505 collocare;
429 1435 602 1496 mediocres
624 1444 654 1497 et
675 1452 778 1511 neque
797 1435 924 1497 inutiles
946 1438 986 1495 ad
1004 1437 1169 1497 dicendum

130 1536 232 1595 neque
247 1518 442 1578 necessarias
457 1519 497 1577 ad
512 1520 714 1595 probandum,
731 1536 819 1594 quae,
837 1520 863 1581 si
879 1519 1042 1595 separatim
1058 1537 1093 1580 ae
1106 1521 1169 1579 sin-

130 1606 219 1678 gulae
235 1603 383 1675 dicantur‚
398 1602 536 1662 infirmae
552 1602 621 1677 sint,
637 1620 707 1663 curn
722 1604 852 1665 caeteris
867 1605 1049 1664 coniunctae
1063 1606 1170 1681 firmae

130 1697 160 1747 et
180 1686 357 1761 probabiles
379 1687 468 1760 liant,
498 1686 687 1761 [interponi]
713 1686 744 1748 in
758 1687 859 1748 medio
877 1688 1022 1750 collocari
1038 1699 1168 1764 oportet.

130 1772 204 1830 Nam
219 1769 320 1830 statim
334 1786 369 1830 rc
383 1780 504 1831 narrata
519 1778 680 1845 exspectat
694 1770 814 1831 animus
830 1771 988 1845 auditoris,
1004 1787 1044 1831 ex
1060 1787 1122 1846 qua
1136 1788 1170 1830 re

130 1871 225 1913 eausa
238 1854 411 1914 confirmari
422 1854 531 1928 possit.
555 1854 900 1926 Quaproptereontinuo
910 1855 1028 1912 firmam
1034 1854 1170 1929 aliquam

129 1944 252 2009 oportet
265 1937 379 1995 inferre
393 1935 697 2008 argumentationem.
718 1935 757 1992 Et
772 1935 917 2006 quoniam
932 1936 1108 2007 nuperrime
1124 1939 1170 1999 di-

129 2027 211 2077 ctum
221 2020 363 2079 facillime
376 2020 542 2079 memoriae
552 2020 725 2087 mandatur,
733 2017 808 2075 utile
821 2023 876 2084 est,
888 2032 982 2090 quum
997 2016 1101 2076 dicere
1117 2021 1171 2080 de-

16 2110 34 2121 *
129 2100 283 2170 sinamuS,
308 2108 463 2158 recentem
484 2099 619 2173 aliquam
632 2099 808 2173 relinquere
824 2100 855 2157 in
870 2098 980 2159 animis
995 2100 1171 2165 auditorum

128 2184 209 2242 bene
229 2182 348 2240 firmani
373 2183 676 2255 argumentationem.
717 2183 802 2242 Haec
828 2182 992 2259 dispositio
1019 2185 1181 2260 locorum,

127 2273 285 2339 tamquam
298 2264 458 2324 instructio
473 2265 616 2340 militum,
641 2265 784 2327 facillime
799 2266 830 2325 in
846 2266 996 2342 dicendo,
1023 2267 1102 2329 sicut
1116 2270 1174 2328 illa

127 2349 159 2408 in
174 2349 352 2424 pugnando,
367 2365 476 2425 parare
491 2351 604 2424 poterit
615 2350 786 2410 victoriam.

208 2432 258 2492 Xl.
288 2430 338 2491 19.
358 2428 641 2497 Pro'nuntiationem
667 2433 753 2493 multi
774 2432 907 2493 maxime
928 2432 1033 2494 utilem
1054 2437 1171 2497 oraturi
1272 2472 1273 2505 r

128 2515 272 2574 dixerunt
292 2530 364 2574 esse
386 2514 476 2574 etad
496 2514 747 2589 persuadendum
767 2515 933 2590 plurimum
957 2519 1069 2578 valere.
1094 2520 1169 2589 ‚Nos

129 2597 255 2673 quidem
275 2612 367 2656 unam
389 2599 428 2657 de
450 2595 587 2671 quinque
601 2599 695 2659 rebus
709 2599 873 2675 plurimum
888 2617 985 2676 posse
1000 2619 1068 2662 non·
1078 2602 1169 2662 facile

129 2679 314 2742 dixerimus=
327 2680 450 2756 egregie
462 2686 603 2756 magnam
615 2699 688 2743 esse
699 2682 857 2744 utilitatem
869 2683 899 2743 in
914 2684 1169 2762 pronuntiatione

127 2767 275 2828 audacter
296 2765 589 2827 confirmaverimus.
623 2766 700 2826 Nam
721 2769 901 2828 commodae
922 2769 1116 2829 inventiones
1139 2777 1171 2829 et

129 2851 301 2914 concinnae
314 2851 480 2910 verborum
494 2850 686 2912 elocutiones
703 2858 733 2912 et
745 2851 879 2928 partium
895 2868 1009 2912 causae
1024 2851 1169 2913 artificio·

129 2953 184 2997 sae
204 2933 427 3011 dispositiones
448 2933 608 2994 ethorum
629 2934 764 2995 omnium
784 2935 916 3011 diligens
937 2935 1085 2996 memoria
1100 2935 1171 2995 sine
1272 2962 1273 3017 ς

127 3019 376 3091 pronuntiatione
403 3035 465 3081 non
480 3020 566 3094 plus,
593 3035 686 3095 quam
701 3020 768 3080 sine
782 3018 830 3079 his
844 3018 939 3079 rebus
956 3019 1171 3092 pronuntiatio
1272 3034 1273 3037 ’

129 3101 199 3158 sola
216 3101 322 3161 valere
342 3102 464 3177 poterit.
500 3101 616 3176 Quare,
643 3102 716 3179 quia
737 3118 827 3162 nemo
850 3102 889 3161 de
906 3117 943 3161 ea
956 3118 991 3163 re
1007 3100 1173 3177 diligenter

130 3181 268 3255 seripsit=
294 3201 365 3244 narn
386 3201 494 3247 omnes
507 3185 563 3245 vix
576 3201 674 3262 posse
687 3185 888 3261 putaruntde
897 3193 1026 3267 phoceet
1039 3187 1124 3269 gultu
1139 3195 1174 3246 et
1272 3204 1273 3235 t

130 3271 220 3355 gestu
241 3265 375 3326 dilucide
396 3267 505 3340 scribi,
532 3286 626 3344 quum
640 3285 696 3329 eae
709 3285 761 3328 res
776 3269 816 3327 ad
831 3283 943 3329 sensus
958 3278 1082 3330 nostros
1097 3262 1179 3341 per?

129 3347 275 3403 uuerent=
300 3355 331 3407 et
351 3349 423 3421 quia
442 3365 630 3427 magnopere
642 3357 692 3424 [ea
705 3355 791 3427 pars]
803 3368 822 3411 a
836 3351 926 3411 nobis
948 3351 1172 3411 addicendum

131 3428 399 3503 comparandaest,
407 3447 469 3491 non
477 3434 922 3510 negligentervideturtotares
930 3433 1171 3495 consideranda.
