2575 3892
108 172 164 225 19
353 163 469 223 arnna
484 166 506 221 1.
529 164 611 222 ultr.
626 172 748 224 21-2-2.
771 170 797 228 s.
812 171 933 225 no-aa
1111 165 1169 228 lm

118 332 227 390 quum
247 323 301 376 aut
323 315 370 385 id,
399 315 483 388 quod
503 312 684 374 adversario
700 314 842 388 prodest,
869 313 1003 375 dilucide
1017 322 1048 375 et
1063 325 1193 377 ornate

118 397 296 473 exponitur
307 393 364 457 aut
376 396 420 471 id,
436 398 521 472 quod
533 396 638 471 ipsum
652 397 786 468 adiuvat,
798 396 934 457 obscure
950 397 1060 461 dieitur
1075 408 1106 460 et
1117 416 1170 458 ne·
1270 394 1271 397 ’

118 481 289 558 gligenter.
328 481 443 553 Quare,
472 488 506 541 ut
525 481 586 540 hoe
609 478 715 541 vitium
729 479 854 552 vitetur,
881 479 1171 557 omniatorquenda

122 566 259 626 suntad
274 564 470 624 commodum
484 580 561 625 suae
577 579 708 636 causae,
730 561 892 635 contraria,
915 579 995 639 quae
1009 566 1170 638 praeteriri
1270 614 1271 619 ,

125 656 284 723 poterunt,
292 644 752 722 praetereundo,quaeillustrie
760 645 974 717 erunt‚leviter
982 646 1170 723 attingendo,

128 747 190 792 sua
211 728 373 804 diligenter
391 740 423 791 ot
441 731 574 791 enodate
595 731 759 791 narrando.
795 732 842 790 Ao
853 729 1087 791 demiratione
1104 731 1170 805 qui·

127 815 201 874 dem
224 814 299 875 satis
324 813 439 875 dietum
462 813 598 883 videtum
625 813 775 888 deinceps
796 814 835 872 ed
855 812 1050 887 partitionem
1072 822 1170 874 trans·

128 915 303 1041 eamuliilll.
317 938 376 1041 Ι31.
393 981 491 1042 Reate
511 979 615 1041 habita
636 980 668 1040 in
693 996 790 1041 eausa
815 978 939 1055 partitio
963 978 1114 1041 illustrem
1141 990 1171 1041 et

127 1063 329 1138 perspicuam
349 1072 444 1124 totam
466 1063 561 1127 elficit
569 1063 754 1127 orationem.
788 1063 894 1124 Partes
910 1062 977 1123 eius
993 1063 1169 1138 summae,

128 1163 261 1222 quarum
274 1155 406 1222 utraque
420 1163 531 1222 magno
546 1163 642 1223 opere
654 1148 693 1207 ad
704 1146 904 1223 aperiendam
917 1162 1043 1209 eausam
1054 1154 1084 1207 et
1096 1163 1156 1208 oon
1270 1156 1271 1199 3

125 1230 315 1291 stituendam
329 1231 462 1305 pertinet
476 1230 729 1293 controversiam.
752 1231 822 1290 Una
834 1247 908 1306 pars
923 1237 981 1310 est,
998 1246 1077 1306 quae
1094 1231 1169 1306 quid

126 1331 199 1376 oum
220 1313 410 1374 adversariis
426 1314 591 1375 conveniat
604 1322 635 1374 et
650 1315 725 1389 quid
739 1314 770 1375 in
786 1313 999 1376 controversia
1013 1313 1165 1394 relinqua·
1270 1366 1271 1369 ,

126 1406 185 1470 tur,
202 1397 351 1467 ostendit3
368 1414 408 1456 ex
423 1416 486 1473 qua
499 1406 616 1458 eertum
631 1397 780 1473 quiddam
795 1398 965 1458 destinatur
980 1396 1122 1478 auditori,
1137 1397 1169 1457 in

128 1496 192 1554 quo
216 1479 350 1540 animum
365 1481 477 1542 debeat
489 1480 605 1540 habere
619 1489 814 1555 ooeupatum.
849 1483 956 1541 Altera
970 1488 1033 1553 est,
1059 1481 1091 1540 in
1108 1498 1170 1554 qua

127 1578 231 1622 rerum
252 1578 373 1632 earum,
399 1564 439 1622 de
454 1563 568 1636 quibus
583 1562 696 1623 erimus
711 1562 836 1634 dicturi,
854 1562 999 1623 *breviter
1012 1563 1167 1638 expositio

128 1645 255 1721 ponitur
274 1643 453 1716 distributa3
479 1661 520 1705 ex
541 1662 603 1720 qua
624 1644 800 1718 conficitur,
829 1654 863 1707 ut
883 1653 984 1707 certes
999 1645 1101 1709 animo
1116 1662 1168 1709 res
1270 1684 1271 1687 =

128 1736 233 1789 teneat
245 1726 378 1800 adulor,
393 1726 507 1802 quibus
522 1726 612 1791 dictis
627 1727 775 1802 intelligat
789 1729 855 1788 fore
870 1736 1057 1802 peroratum.
1081 1729 1167 1788 Nunc
1270 1730 1271 1767 ἓ

128 1821 262 1887 utroque
276 1826 390 1886 genere
404 1807 576 1886 partitionis
587 1811 846 1886 quemadmodum
857 1809 1022 1872 conveniat
1033 1810 1086 1884 uti,
1099 1812 1167 1870 bre-

128 1895 208 1956 viter
228 1893 393 1955 dicendum
412 1892 545 1956 ridetur.
581 1895 666 1968 Quae
680 1894 820 1970 partitio,
848 1893 923 1969 quid
937 1894 1102 1959 conveniat
1116 1904 1166 1956 aut
1270 1908 1271 1921 ¹

129 1979 204 2054 quid
219 1995 282 2039 non
296 1977 470 2051 conveniat,
493 1978 638 2053 ostendit,
652 1979 731 2041 haee
746 1979 838 2041 debet
850 1978 936 2054 illud,
952 1979 1038 2053 quod
1053 1995 1166 2041 conve-

130 2062 182 2134 nit,
197 2061 347 2128 inafinare
360 2063 402 2123 ad
417 2078 493 2124 suae
508 2078 622 2125 causae
637 2063 843 2136 commodum,
862 2062 923 2122 hoe
937 2062 1047 2125 modo:
1072 2064 1161 2123 Inter·
1270 2096 1271 2101 κ

130 2147 242 2207 leotarn
259 2155 391 2207 «matrem
409 2161 484 2207 esse
505 2163 524 2206 a
544 2145 608 2207 filio
630 2145 776 2207 convenit
795 2144 869 2207 mihi
884 2161 953 2206 oum
968 2145 1167 2206 adversariis.
1270 2162 1271 2207 i

87 2244 90 2256 “
129 2231 204 2290 ltem
225 2232 345 2290 tonna:
371 2230 566 2291 Interleetum
587 2245 659 2290 esse
674 2229 949 2306 aClytaemnestra
962 2231 1167 2304 Agamemno·
1270 2236 1271 2273 1

129 2330 199 2373 nem
215 2312 370 2374 convenit
401 2313 477 2373 Nam
490 2313 540 2374 hio
554 2321 687 2388 uterque
700 2321 731 2372 et
744 2311 777 2372 id
788 2311 904 2388 posuit,
921 2314 1005 2386 quod
1020 2312 1166 2374 eonveni—
1184 2352 1187 2353 ν
1270 2324 1271 2363 f

129 2398 213 2470 ebat,
239 2405 391 2458 ettamen
413 2411 624 2458 emorousae
649 2396 812 2457 commodo
839 2394 1003 2475 consuluit.
1037 2395 1166 2468 Deinde,

130 2480 203 2556 quid
224 2479 456 2543 oontroversiae
470 2478 525 2553 sit,
551 2480 731 2556 ponendum
746 2487 795 2541 est
811 2477 842 2539 in
857 2476 1053 2557 iudicationis
1069 2495 1166 2555 expo·
1270 2482 1271 2561 J

131 2563 255 2633 sitione3
281 2580 361 2639 quae
383 2565 643 2640 quemadmodum
662 2562 867 2639 inveniretur,
892 2562 1093 2625 antedictum
1109 2569 1166 2623 est.
1270 2578 1271 2639 ,

131 2645 181 2705 32.
217 2649 302 2722 Quae
330 2650 455 2724 partitio
484 2667 588 2710 rerum
609 2650 809 2713 distributam
839 2651 976 2711 eontinet
1000 2647 1170 2724 expositio·
1270 2666 1271 2723 3

132 2743 220 2798 nem,
250 2731 328 2790 haee
348 2733 465 2792 habere
485 2733 579 2793 debet
594 2734 795 2805 brevitatem,
822 2731 1067 2805 absolutionem,
1092 2747 1167 2805 pau·

133 2809 262 2870 citatem.
297 2811 437 2871 Brevitas
453 2820 510 2884 est,
535 2829 631 2886 quum
645 2811 706 2874 nisi
719 2812 929 2877 neeessarium
944 2815 1060 2874 nullum
1074 2817 1163 2876 adsu-

133 2893 222 2953 mitur
235 2893 381 2955 vvenbum.
414 2894 500 2954 ilaec
514 2892 545 2955 in
560 2895 621 2955 hoe
635 2911 749 2970 genere
763 2893 880 2959 ideireo
896 2905 944 2960 est
957 2894 1057 2970 utilis,
1083 2899 1168 2974 quod
1250 2950 1253 2953 .
1270 2960 1271 2963 ,

131 2977 223 3036 rebus
243 2974 323 3051 ipsis
343 2983 376 3036 et
389 2975 527 3052 partibus
542 2992 673 3052 causae,
698 2996 760 3040 non
773 2978 879 3043 verbis
893 2995 995 3055 neque
1010 2982 1166 3045 extraneis
1270 2966 1271 3055 f

132 3059 318 3122 ornamentis
344 3059 465 3123 animus
485 3060 634 3122 auditoris
655 3064 809 3125 tenendus
830 3071 886 3124 est.
921 3065 1085 3130 Absolutis
1109 3075 1166 3140 est,
1270 3066 1271 3143 ἴ

131 3150 186 3220 'per
201 3161 293 3219 quarn
308 3144 425 3218 omnia,
449 3162 528 3220 quae
542 3145 680 3207 lnoi'dunt
694 3146 725 3209 in
741 3163 877 3223 oausam,
897 3164 1022 3225 genera,
1044 3150 1083 3210 de
1099 3149 1166 3227 qui·
1267 3152 1271 3223 ,ἦ

127 3230 186 3288 >bus
202 3227 367 3288 dicendum
382 3236 438 3301 est,
454 3229 675 3304 amplectimur.
697 3231 731 3290 ln
747 3248 809 3307 qua
823 3231 987 3307 partitione
998 3232 1166 3293 videndum
1270 3260 1271 3279 κ

133 3320 191 3383 est,
218 3329 258 3372 ne
279 3321 332 3372 aut
351 3311 479 3388 aliquod
500 3329 598 3388 genus
618 3313 692 3376 utile
713 3314 904 3389 relinquatur
924 3325 978 3376 aut
993 3332 1062 3375 sero
1080 3320 1165 3373 extra
1270 3316 1271 3381 t

133 3393 337 3469 partitionem,
358 3394 391 3454 id
406 3396 491 3471 quod
505 3395 741 3459 vitiosissimum
754 3414 790 3457 ae
805 3397 1017 3473 turpissimum
1032 3402 1094 3465 est,
1119 3391 1165 3446 in·
1270 3406 1271 3449 t
