2575 3892
109 204 150 259 67
341 194 457 252 LIBER
471 195 516 250 ll.·
531 193 613 251 CAP.
629 200 749 255 18-19·
771 198 797 259 §-
812 200 932 255 5347.
1098 195 1161 259 169

110 344 186 422 pari
202 344 233 405 in
250 344 374 418 nogotio
396 340 523 414 similes,
549 357 590 400 ex
605 339 717 416 quibus
732 341 908 401 adfirmetur
922 348 1027 403 nostra
1043 344 1159 405 descri-

110 429 193 505 ptio.
214 428 323 489 XVlll.
338 427 403 485 lam
418 424 445 485 si
459 441 511 484 res
522 425 627 499 plures
640 432 729 485 erunt
740 423 948 485 definiendae:
962 435 1004 501 ut,
1022 426 1049 488 si
1064 444 1158 504 quae-

110 519 217 572 ratur:
232 512 294 571 Fur
308 507 400 568 sitan
416 505 595 581 sacrilegus,
613 507 666 581 qui
680 523 758 567 vasa
772 522 811 566 ex
825 507 946 582 privato
962 526 1050 569 saera
1064 511 1157 572 surri-

111 593 236 671 puerit;
264 591 321 652 erit
341 591 489 651 utendum
510 589 650 665 pluribus
666 588 913 662 delinitionibus3
940 590 1053 651 deinde
1066 594 1157 655 simili

110 678 239 738 ratione
254 691 349 736 causa
362 673 529 735 tractanda.
551 673 653 735 Locus
668 681 770 734 autem
784 674 956 735 communis
970 674 1001 734 in
1016 674 1084 736 eius
1095 693 1158 738 ma-

112 760 228 832 litiam,
256 758 309 834 qui
328 774 391 819 non
411 758 504 818 modo
524 773 641 832 rerum,
668 773 773 817 verum
787 757 879 818 etiam
893 758 1058 818 verborum
1071 769 1157 833 pote

114 852 229 905 statem
243 842 303 903 sibi
317 843 468 918 adrogare
485 849 628 913 conetur,
649 849 728 901 utet
743 839 848 914 saciat,
871 842 1051 916 quodvult,
1072 851 1103 903 et
1116 843 1159 918 id,

116 927 204 1002 quod
219 925 341 999 lecerit,
363 944 426 1002 quo
441 924 516 986 velit
530 924 655 985 nomine
670 926 813 1000 appellet.
849 925 967 986 Deinde
983 926 1158 987 defensoris

115 1008 236 1085 primus
256 1011 345 1070 loeus
367 1019 416 1071 est
435 1009 506 1070 item
528 1007 660 1070 nominis
674 1008 779 1068 brevis
795 1016 825 1067 et
838 1016 945 1083 aperta
959 1017 990 1068 et
1004 1024 1044 1067 ex
1059 1009 1158 1084 opini-

116 1108 179 1153 one
194 1092 351 1153 hominum
366 1092 544 1167 descriptio,
558 1093 618 1152 hoe
632 1092 740 1153 modo:
755 1090 947 1153 Maiestatem
960 1091 1098 1152 minuere
1111 1102 1160 1154 cst

115 1176 235 1250 aliquid
252 1176 290 1235 de
305 1176 487 1251 republica
503 1193 597 1250 quum
611 1182 795 1251 potestatem
810 1192 873 1236 non
887 1175 1013 1249 babeas,
1033 1176 1157 1237 admini-

115 1268 225 1320 strare.
260 1260 378 1320 Deinde
398 1258 489 1319 huius
511 1258 702 1319 confirmatio
725 1258 874 1320 similibus
897 1266 928 1318 et
952 1261 1103 1335 exemplis
1128 1269 1160 1321 et

114 1342 299 1402 rationibus.
337 1343 449 1404 Postea
473 1341 522 1403 sui
547 1341 620 1402 laeti
646 1343 685 1402 ab
710 1340 762 1401 illa
787 1341 965 1407 definitione
990 1344 1156 1418 separatio.

115 1425 236 1484 Deinde
250 1426 338 1486 locus
352 1426 533 1501 eommunis²
547 1443 604 1501 per
618 1442 711 1501 quem
725 1424 797 1484 lecti
811 1425 925 1486 utilitas
943 1435 995 1486 aut
1009 1427 1159 1488 honestas

118 1508 300 1580 adaugetur.
335 1506 386 1568 56.
406 1508 526 1568 Deinde
544 1517 692 1583 sequetur
705 1507 952 1567 adversariorum
969 1508 1158 1569 definitionis

117 1589 333 1665 reprehensio,
348 1607 429 1665 quae
445 1590 557 1650 iisdem
573 1606 613 1650 ex
627 1589 706 1650 locis
721 1588 872 1661 omnibus,
882 1607 971 1664 ¹quos
984 1592 1158 1653 accusatori

117 1673 396 1748 praeseripsimus,
419 1671 595 1745 conticitum
621 1680 652 1733 et
676 1681 799 1734 caetere
818 1681 890 1748 post
911 1673 1020 1733 eadem
1034 1683 1155 1749 praeter

119 1773 314 1818 communem
334 1759 437 1818 locum
451 1756 644 1818 inducentur.
678 1756 782 1817 Locus
799 1764 899 1816 autem
914 1756 1085 1818 communis
1100 1759 1158 1818 erit

116 1839 295 1901 defensoris
315 1840 358 1913 is,
384 1857 440 1916 per
461 1856 553 1917 quem
567 1838 773 1915 indignabitur
787 1847 999 1900 accusatorem
1015 1840 1062 1900 sui
1076 1842 1159 1916 peri-

119 1923 179 1982 culi
201 1938 296 1983 causa
316 1940 379 1984 non
398 1940 450 1985 res
472 1925 573 1985 solum
594 1931 791 1998 convertere,
816 1939 922 1983 verum
947 1924 1036 1985 etiam
1063 1926 1160 1987 verba

119 2016 305 2067 commutare
321 2007 436 2068 conari.
472 2008 547 2067 Nam
562 2006 605 2067 illi
621 2006 745 2083 quidem
760 2008 937 2067 communes
954 2006 1023 2084 loci,
1039 2006 1090 2084 qui
1106 2018 1161 2069 aut

120 2089 517 2153 calumnioea'ecusatorum
532 2091 789 2152 demonstrandae
803 2098 856 2150 aut
865 2089 1095 2152 misericordiae
1106 2107 1158 2152 ca-

121 2173 252 2245 ptandae
272 2181 326 2232 aut
346 2173 418 2234 lacti
438 2173 618 2248 indignandi
638 2181 691 2234 aut
710 2188 730 2231 a
750 2171 961 2235 misericordia
982 2175 1159 2235 deterrendi

120 2271 214 2315 eausa
235 2264 411 2332 sumuntur,
437 2273 478 2318 ex
499 2256 629 2332 periculi
649 2254 873 2330 magnitudine,
898 2272 961 2315 non
983 2272 1020 2316 ex
1043 2273 1159 2325 causae

119 2354 230 2412 genere
246 2338 408 2400 ducuntur.
430 2340 530 2414 Quare
545 2354 607 2400 non
623 2340 655 2400 in
671 2355 792 2401 omnem
806 2353 940 2412 causam,
956 2340 1055 2399 sedin
1068 2357 1159 2402 ontne

120 2438 230 2482 causae
251 2439 353 2497 genus
370 2422 519 2484 incidunt.
554 2423 669 2483 Eorum
689 2422 876 2482 mentionem
901 2420 938 2480 in
959 2423 1080 2485 coniect
1069 2424 1160 2485 turali

119 2504 333 2566 constitutione
348 2506 486 2567 fecimus.
509 2505 758 2567 inductionet
705 2522 745 2565 ou
746 2512 816 2578 tem,
833 2521 927 2621 quum
940 2521 1036 2566 eausa
1050 2515 1157 2582 postu-

119 2587 197 2660 labit,
178 2596 350 2648 tutemur

197 2670 274 2729 XIX
296 2669 348 2732 57
371 2671 469 2746 Quum
490 2681 592 2732 autem
605 2670 685 2732 aetio
700 2670 909 2733 translationis
923 2681 976 2734 aut
990 2681 1156 2735 eootmuta—

33 2832 34 2835 Ἴ
120 2750 209 2812 tionis
224 2752 362 2827 indigere
377 2753 513 2826 videtur,
537 2756 621 2828 quod
635 2771 703 2814 non
713 2763 766 2815 aut
779 2753 806 2813 is
822 2754 892 2830 agit
919 2773 1009 2830 quem
1024 2765 1158 2830 oportet,

119 2844 252 2895 anteum
267 2850 320 2907 eo,
343 2835 467 2909 quicum
482 2845 620 2912 oportet,
640 2846 693 2899 aut
706 2838 790 2913 apud
805 2854 893 2913 ques
918 2856 979 2914 qua
992 2839 1070 2913 lege,
1096 2854 1160 2913 qua

121 2933 229 2993 poena,
253 2933 315 2992 quo
331 2917 467 2993 crimine,
489 2936 551 2994 quo
567 2926 706 2995 tempore
721 2929 852 2997 oportet,
867 2921 1043 2985 constitutio
1058 2931 1156 2982 unns-

120 3001 209 3062 lativa
222 3002 405 3077 appellatur.
426 3001 502 3063 Eius
517 3002 608 3064 nobis
623 3007 768 3080 exempla
783 3004 933 3079 permulta
948 3020 1028 3080 opus
1044 3003 1114 3078 sint,
1131 3002 1158 3062 si

121 3085 236 3160 singula
248 3083 482 3146 translationum
493 3102 608 3162 genera
619 3087 889 3162 quaeramus3sed
900 3085 973 3162 quia
983 3087 1060 3148 ratio
1069 3103 1157 3163 proo-

121 3177 278 3242 ceptorum
299 3167 406 3229 similis
430 3178 493 3244 est,
519 3172 730 3245 exemplorum
744 3169 936 3230 multitudine
951 3171 1155 3246 superseden—

122 3252 190 3310 dum
210 3259 267 3312 est
300 3251 434 3328 Atque
425 3270 457 3311 m
479 3262 587 3314 nostra
608 3251 733 3329 quidem
754 3260 884 3313 consuet
873 3252 978 3313 tudine
999 3253 1102 3314 multis
1119 3252 1158 3309 de

123 3333 219 3394 causis
234 3335 277 3409 fir,
298 3343 332 3397 ιιι
346 3334 445 3396 rarius
459 3336 595 3396 incidant
609 3334 835 3397 translationes
871 3335 946 3395 Nam
962 3345 992 3395 et
1004 3343 1093 3428 praet
1095 3329 1157 3389 oris

122 3430 215 3489 excep
218 3416 354 3480 tionibus
375 3421 489 3479 multae
511 3419 679 3480 excludunt
668 3426 716 3477 tur
736 3412 875 3478 actiones
896 3417 957 3478 eti
959 3416 1051 3475 etius
1068 3409 1157 3467 civile
