2575 3892
130 211 172 273 58
470 202 523 262 Ao
547 199 828 265 C.HERENN1UM

132 375 192 436 nisi
209 390 227 432 a
242 370 461 447 probatissimo
478 368 566 439 sumi,
584 384 633 438 ne,
650 368 733 443 quod
748 365 830 426 aliud
848 361 1032 424 confirmare
1046 360 1174 434 debeat,

131 464 223 532 egeat
235 458 335 531 ipsum
345 452 856 532 confirmationesstenimnecesse
864 453 970 507 estant
983 461 1019 504 se
1027 444 1174 506 omnibus

131 547 323 616 anteponant
336 547 432 599 etsua
440 536 573 597 mraxime
584 537 718 611 probent
729 541 790 604 aut,
800 532 827 593 si
833 532 892 591 alia
904 529 1048 605 probant,
1056 536 1175 603 negent

132 625 250 700 optima
264 624 495 697 esseexempla,
505 636 584 695 quae
591 620 629 679 ab
637 618 812 679 oratoribus
821 612 980 690 autpolitis
989 611 1174 688 probatissi-

133 708 190 768 mis
204 715 328 782 sumpta
342 706 413 766 sint.
431 705 464 764 Si
477 721 513 765 se
527 702 668 763 omnibus
677 705 878 776 anteponunt,
886 693 1070 759 intolerabili
1081 695 1174 755 adro·
1268 734 1275 778 ς

62 810 64 819 ’
117 790 238 867 'gantia
252 796 341 862 sunt3
361 789 388 848 si
403 805 482 863 quos
498 786 556 847 sibi
569 792 764 861 praeponunt
778 790 809 844 et
824 799 932 844 eorum
947 780 1090 854 exempla
1104 778 1172 838 suis

134 874 284 948 exemplis
293 891 354 933 non
362 878 470 948 putant
482 879 652 945 praestare,
661 886 722 929 non
736 874 869 943 possunt
881 865 995 934 dicere,
1004 878 1099 939 quare
1111 861 1175 922 sibi

132 958 411 1031 illosanteponant.
423 952 794 1028 ll.Quid,ipsaauctoritas
801 949 996 1023 antiquorum
1003 963 1066 1007 non
1077 961 1174 1019 quum

133 1058 185 1100 res
196 1040 492 1115 probabiliorestum
504 1036 661 1098 hominum
669 1035 769 1097 studia
779 1035 819 1095 ad
830 1032 1009 1094 imitandum
1020 1027 1175 1090 alacriora

132 1120 256 1177 reddita
276 1121 371 1179 lmrno
387 1118 475 1192 erigit
491 1117 623 1178 omnium
639 1117 824 1191 cupiditates
839 1123 870 1175 et
883 1113 965 1174 acuit
979 1112 1171 1185 industriam,

133 1218 226 1275 quum
243 1215 316 1273 spes
332 1200 443 1260 iniecto
457 1208 505 1260 est
515 1216 610 1273 posse
623 1200 768 1259 imitando
781 1198 910 1257 Gracchi
920 1205 972 1256 aut
983 1196 1086 1257 Crassi
1097 1210 1173 1256 con·

133 1282 222 1357 sequi
239 1284 421 1342 facultatem.
456 1281 486 1341 3.
507 1283 666 1342 Postremo
681 1282 740 1341 hoc
755 1282 857 1355 ipsum
872 1297 1023 1341 summurn
1038 1288 1086 1339 est
1099 1279 1172 1339 arti-

132 1365 235 1424 ficium
255 1381 306 1424 res
327 1363 429 1423 varias
450 1373 481 1424 et
501 1364 644 1438 dispares
665 1364 696 1423 in
713 1372 756 1424 tot
770 1364 920 1438 poematis
936 1372 967 1424 et
981 1361 1171 1425 orationibus

91 1500 95 1509 ,
132 1464 258 1523 sparsas
271 1457 301 1507 et
311 1463 390 1521 vage
402 1446 547 1507 disiectas
559 1446 601 1508 ita
614 1447 774 1521 diligenter
787 1446 911 1523 eligere,
927 1455 960 1507 ut
969 1463 1063 1507 unum
1069 1446 1171 1520 quod-

133 1548 193 1606 que
214 1548 311 1605 genus
333 1532 544 1605 exemplorum
566 1532 623 1591 sub
646 1531 784 1605 singulos
805 1531 879 1592 artis
904 1532 991 1591 locos
1017 1529 1171 1612 subiicere

131 1614 247 1690 possis.
283 1616 350 1676 Hoc
364 1614 391 1675 si
405 1614 555 1675 industria
569 1617 670 1675 solum
684 1615 751 1675 lieri
766 1623 889 1690 posset,
911 1623 1012 1674 tamen
1028 1628 1171 1673 essemus

132 1698 291 1770 laudandi,
320 1716 414 1774 quum
434 1699 526 1758 talem
547 1700 685 1760 laborem
700 1716 761 1759 non
777 1699 979 1773 fugissemus;
1005 1712 1086 1756 nunc
1101 1695 1171 1755 sind

131 1798 251 1842 summo
272 1781 400 1844 artificio
421 1798 483 1844 non
503 1790 607 1857 potest
625 1783 702 1843 fieri.
738 1782 812 1856 Quis
833 1789 881 1841 est
901 1781 996 1852 enirn,
1019 1779 1087 1855 qui,
1110 1778 1169 1837 nisi

132 1883 201 1924 cum
216 1881 334 1924 summe
347 1873 431 1925 tenet
444 1874 554 1937 artem,
570 1865 672 1940 possit
686 1881 723 1925 ea
738 1882 817 1940 quae
831 1864 935 1923 iubeat
948 1876 1015 1933 are,
1033 1864 1072 1921 de
1087 1870 1169 1922 tanta
1273 1900 1275 1910 ι

131 1957 162 2006 et
183 1954 243 2005 tam
259 1947 372 2006 dillusa
387 1948 540 2022 scriptura
553 1956 659 2008 notare
675 1954 706 2006 ct
719 1951 887 2021 separaret
913 1944 1045 2015 caeteri,
1074 1962 1169 2017 quum
1262 1930 1274 1947 ”

131 2032 236 2103 legunt
256 2029 410 2089 orationes
429 2030 529 2090 bonas
555 2039 607 2090 aut
630 2032 788 2104 poemata,
815 2027 947 2102 probant
972 2032 1112 2086 oratores
1141 2036 1171 2090 et

130 2116 255 2187 poetas,
282 2127 383 2186 neque
403 2112 587 2188 intelligunt,
616 2129 731 2188 quare
753 2110 896 2172 commoti
910 2109 1056 2183 probent;
1084 2113 1173 2185 quod

131 2196 212 2255 scire
226 2211 288 2254 non
303 2204 444 2271 possunt,
459 2198 512 2257 ubi
527 2197 566 2257 sit
580 2214 637 2256 nec
653 2196 728 2271 quid
743 2195 784 2255 sit
796 2210 854 2256 nec
870 2208 931 2273 qrro
945 2194 1038 2255 modo
1055 2195 1170 2254 lactum

131 2279 171 2339 sit
185 2278 232 2350 id,
255 2280 340 2354 quod
354 2295 410 2340 eos
424 2280 557 2340 maxime
572 2282 713 2340 delectet.
748 2282 789 2340 At
803 2279 846 2350 is,
862 2277 915 2355 qui
930 2277 1051 2338 ethaeo
1067 2276 1171 2339 omnia
1273 2264 1274 2349 ᾗ

130 2362 269 2436 intelligit
289 2372 319 2422 et
337 2362 450 2423 idonea
469 2364 601 2423 maxime
622 2363 706 2436 eligit
727 2372 757 2422 et
777 2361 878 2424 omnia
898 2361 929 2419 in
950 2369 1015 2421 artc
1035 2360 1169 2422 maxime
1273 2406 1274 2409 η

130 2446 295 2504 scribenda
308 2445 419 2518 redigit
433 2446 464 2503 in
479 2445 614 2518 singulas
629 2445 765 2506 rationes
780 2444 1020 2519 praeceptionis,
1035 2459 1169 2505 necesse
1273 2446 1274 2517 ξ

90 2566 99 2581 ,.
131 2535 179 2585 est
194 2526 260 2585 eius
274 2525 320 2585 rei
335 2542 473 2586 summus
487 2527 599 2586 artilex
613 2528 663 2588 sit.
698 2528 765 2591 Hoc
779 2528 870 2602 igilur
884 2527 988 2607 ipsum
1002 2526 1169 2609 marimum

65 2608 69 2615 '
130 2609 291 2695 artificium
303 2608 399 2685 ,estin
414 2617 478 2687 arte
493 2624 550 2669 sua
563 2625 661 2689 posse
675 2618 707 2670 et
721 2610 829 2670 alienis
845 2608 1064 2689 exemplispli,

209 2687 240 2754 l.
258 2694 341 2752 Haec
357 2691 399 2751 illi
411 2709 504 2767 quum
517 2691 630 2765 dicunt,
646 2694 743 2768 magis
756 2688 813 2756 nos
825 2712 883 2756 sua
894 2695 1072 2757 auctoritate
1082 2709 1169 2753 com·

130 2786 255 2839 movent
270 2793 362 2852 quam
375 2776 503 2837 veritate
519 2776 745 2852 disputationis.
773 2780 851 2840 lllud
866 2779 947 2841 enim
960 2794 1110 2847 veremur,
1126 2794 1169 2837 ne

130 2863 178 2923 oui
195 2862 270 2924 satis
286 2861 326 2922 sit
339 2862 379 2920 ad
394 2859 577 2923 contrariam
590 2861 740 2922 rationem
754 2863 959 2937 probandam,
977 2864 1060 2937 quod
1076 2862 1114 2920 ab
1129 2874 1171 2921 ca

130 2947 269 3004 steterint
289 2944 325 3017 ii,
348 2945 400 3020 qui
416 2953 447 3005 ct
460 2945 636 3007 inventores
651 2945 742 3006 huius
756 2946 877 3007 artificii
898 2945 1008 3005 luerint
1028 2951 1058 3002 ot
1080 2952 1169 3005 vetu-

70 3027 77 3040 ‘
129 3032 208 3083 state
223 3026 283 3085 iam
298 3028 372 3088 satis
388 3028 529 3089 omnibus
544 3029 665 3105 probati
680 3031 748 3090 sint.
785 3028 911 3103 Quodsi,
925 3028 1044 3087 illorum
1059 3034 1170 3086 aucto-

129 3104 218 3165 ritate
237 3119 369 3181 remota,
395 3128 447 3170 res
462 3128 569 3172 omnes
583 3114 689 3172 volent
703 3128 772 3172 cum
786 3128 820 3172 re
835 3124 1028 3184 comparare,
1056 3107 1170 3168 intelli-

129 3196 203 3279 gent
222 3206 285 3249 non
306 3193 408 3253 omnia
428 3196 629 3256 concedenda
651 3210 722 3254 esse
742 3193 923 3269 antiquitati.
963 3193 1013 3252 lli.
1033 3190 1169 3253 Prirnum

130 3274 330 3360 matriacum
344 3276 383 3333 ab
399 3275 444 3334 eis
456 3278 494 3336 de
506 3277 660 3359 modestia
670 3276 788 3348 dicitur,
805 3277 974 3348 videamus,
990 3292 1030 3336 ne
1040 3274 1170 3336 nimium

131 3350 288 3437 pueriliter
302 3357 484 3426 proseratur.
505 3354 579 3420 Nam
595 3358 621 3419 si
637 3367 739 3419 tacere
754 3366 806 3418 aut
820 3358 893 3418 nihil
910 3358 1046 3420 scribere
1059 3359 1168 3419 mode·

129 3434 189 3484 sust
209 3437 270 3502 esi,
298 3448 353 3493 Gur
369 3436 536 3510 quidquam
550 3439 688 3501 scribunt
701 3450 753 3501 aul
767 3443 956 3515 loquunturr
980 3442 1034 3502 Sin
1048 3440 1169 3517 aliquid
